2892 5004
249 413 359 486 sicr.
377 416 426 486 11.
457 417 516 486 Dc
536 431 751 506 usseccsr
769 437 819 492 rr
837 437 1045 494 usccurrr.
1128 443 1172 516 55

38 555 41 638 ι
114 571 175 629 tus
199 563 252 628 ab
266 563 408 648 illapsu
421 565 463 630 iu
485 563 687 653 laryngem
705 575 896 636 arcentur.
920 573 1054 640 Oritur
1074 572 1169 640 hinc

114 667 236 732 cussis
259 667 531 734 vehementior
554 676 592 734 et
612 671 692 735 alia
711 671 867 738 funesta
889 681 1168 760 symptomata,
1200 741 1206 754 ,

115 773 183 838 ubi
196 773 325 838 solida
338 779 406 837 aut
418 773 590 860 liquide
579 797 619 840 ιιι
631 777 836 862 glottidem
852 779 1031 846 incidunt
1040 783 1169 870 ,quod

113 883 196 944 tum
225 879 370 944 accidit
392 881 544 966 quando
566 881 635 946 suh
656 881 1162 977 deglutitioneiuspiramus

113 979 171 1044 vel
195 980 266 1044 ubi
283 979 485 1065 epiglottis
507 969 658 1066 rigida,
678 1003 807 1060 erosa,
831 991 900 1050 aut
922 990 1164 1058 resolutaest

112 1085 162 1170 ·.)
177 1085 392 1167 ligentibus
412 1085 595 1150 musculis
608 1086 921 1172 glossopalatinis
935 1091 1161 1179 etpharyn·
1209 1117 1211 1125 ⁴

111 1187 349 1271 popalatinis
385 1185 552 1252 isthmus
593 1189 778 1276 faucium,
802 1195 1053 1272 angustatur,
1082 1213 1158 1282 quo

115 1287 194 1354 offa
216 1291 262 1355 iu
281 1291 497 1377 pharyngis
522 1289 735 1376 ingressum
755 1298 937 1377 urgetur,
961 1297 1077 1380 atque
1108 1295 1162 1360 si·

112 1395 190 1457 mul
215 1393 434 1469 tonsillae,
464 1395 615 1468 uvula,
645 1398 882 1480 ceteraeque¹
909 1394 1042 1460 e'arum
1072 1415 1163 1480 par·
1280 1390 1284 1398 ’

110 1497 208 1561 tium
233 1499 457 1580 muciparae
476 1499 684 1584 glandulae
706 1499 1036 1585 comprimuntur,
1055 1503 1157 1569 unde

112 1587 336 1667 uberidrcm
359 1601 526 1668 reddunt
546 1603 749 1668 humorem
762 1591 779 1682 ,⁸
802 1601 889 1668 vias
923 1623 985 1666 eas
1022 1601 1160 1669 hume·

113 1709 285 1770 stantem
297 1747 308 1782 ,
321 1713 436 1794 atque
456 1707 585 1778 cibum
606 1707 735 1790 ipsum
756 1703 874 1772 simul
889 1705 1045 1772 uberius
1068 1707 1160 1776 suc·

107 1807 291 1894 igentem.

26 1997 28 2014 ’
138 2039 144 2054 ,
184 1953 342 2056 Excipit
360 1968 482 2038 offam
505 1972 771 2038 humectatam
790 1969 962 2036 elevatus
992 1979 1032 2038 et
1065 1991 1150 2038 am-

107 2079 255 2161 pliatus
272 2077 475 2162 pharynx,
499 2095 610 2142 muco
636 2075 785 2160 pariter
802 2062 968 2140 scatens
989 2077 1156 2159 copioso.

109 2186 237 2264 Agunt
259 2179 369 2244 modo
391 2163 557 2244 musculi
580 2179 852 2244 constrictores
872 2177 1087 2263 pharyngis
1106 2177 1160 2262 (ς.

108 2290 230 2370 ιιι),
252 2302 326 2370 quo
347 2284 527 2368 pharyux
550 2282 632 2366 ipse
656 2301 678 2346 a
711 2281 907 2362 superiore
935 2301 1065 2350 versus
1096 2281 1159 2345 iu·

106 2387 254 2452 seriora
274 2386 540 2460 contrahitur,
566 2389 812 2470 atquepotus
846 2387 884 2445 et
920 2381 1027 2447 cibus
1061 2383 1159 2448 ossi-

108 2489 173 2554 bus
194 2489 376 2574 hyoideis
398 2495 437 2554 et
457 2489 619 2576 larynge
640 2487 758 2554 simul
781 2485 958 2552 deorsum
989 2475 1153 2572 trectis,

108 2591 145 2658 iu
169 2595 733 2678 oesophagumpromoventur.
753 2589 975 2656 Arbitraria
993 2581 1156 2685 quidem
1257 2607 1260 2612 '
1316 2609 1318 2616 ’

106 2695 197 2761 haec
221 2701 277 2762 est
297 2697 423 2772 actio,
443 2695 626 2761 stimulus
648 2699 783 2760 tamen
804 2693 1151 2780 cibi,1npharyn
1215 2705 1217 2716 ·

107 2793 1154 2885 gempromoti,atque1mpcdrtahoctemporeglot·
1234 2825 1239 2838 ·

109 2901 182 2966 tide
207 2903 339 2966 clausa
352 2903 583 2988 respiratio,
604 2901 798 2986 ingratam
818 2887 970 2981 pouunt
993 2899 1157 2965 sensati

112 3022 251 3085 onem,
267 3010 313 3068 ut
342 3005 436 3096 adeo
467 3005 531 3084 vel
542 2999 775 3104 deglutire,
805 2999 869 3062 vel
900 3019 965 3064 ore
996 3001 1155 3092 rejicere

108 3125 286 3188 cogamur
306 3127 379 3188 ea,
393 3127 489 3192 quse
508 3093 607 3212 pone
610 3093 857 3188 liuguamin
883 3103 1152 3170 summassau·

110 3227 165 3274 ces
185 3209 333 3292 illapsa
352 3215 454 3277 sunt.

186 3353 416 3440 Impulsus
404 3373 446 3419 ιιι
477 3353 738 3440 oesophagum
770 3351 879 3417 clbus
911 3357 1020 3418 motu
1052 3353 1151 3436 pha..

109 3457 241 3541 ryngis
262 3464 300 3555 et
322 3457 495 3554 laryngis
526 3455 574 3522 ad
604 3457 816 3525 ventriculi
835 3457 992 3532 ‚ostium
1020 3445 1153 3541 aliqua

108 3566 214 3675 parte
233 3569 485 3656 promovetur
507 3561 689 3646 quidem,
714 3558 835 3635 adso,
854 3564 898 3626 ut
922 3561 1150 3626 haerentem

63 3665 65 3672 '
108 3660 389 3750 inoesophago
404 3665 537 3730 bolum
577 3673 708 3729 aarum
740 3663 927 3748 partium
939 3663 1150 3730 arbitraria

109 3769 257 3849 actione
278 3771 494 3856 propellere
506 3770 669 3834 sciamus
684 3809 696 3846 ‚
714 3767 796 3852 ipse
818 3775 948 3836 tamen
961 3770 1148 3854 oesopha-

108 3887 173 3952 gus
192 3873 351 3958 propria
373 3844 550 3957 enargia,
571 3893 649 3938 non
664 3873 820 3992 quidem
830 3874 1073 3948 voluntaria,
1088 3895 1146 3938 re-

108 3979 258 4057 ceptam
278 3975 327 4040 ad
345 3975 604 4043 ventriculum
615 3975 821 4060 praecipue
840 3975 996 4045 deducit
1016 3977 1146 4046 offam.

82 4149 84 4158 Ι
107 4073 273 4142 Irritatis
296 4077 437 4164 quippe
456 4078 642 4152 internis,
666 4078 917 4147 circularibus
939 4074 1146 4154 fibris‚tu·

61 4264 63 4272 Α
107 4175 176 4243 bus
198 4180 231 4244 is
253 4183 482 4264 angustatur
495 4221 506 4256 ‚
528 4181 739 4266 ampliatur
758 4203 851 4248 vero
875 4187 912 4246 et
943 4181 1142 4278 adbrevia-

106 4267 165 4353 su'r
189 4283 342 4356 actione
360 4283 551 4360 fibraium
572 4291 818 4354 externarum
845 4279 1149 4373 longitudiuaiid
