2892 5004
231 316 282 386 72
323 299 412 368 tra
430 300 460 367 1.
477 303 568 368 css·
587 299 921 390 mamurra.
941 289 1201 387 urcnsrrour.

323 447 586 532 adgrediatur.
609 453 639 514 A
659 452 784 514 morta
805 455 962 530 autem,
982 455 1206 518 utHourur
1219 452 1286 516 ob-

321 551 492 616 servavit
513 553 580 638 g),
600 553 702 617 idem
725 557 864 620 humor
887 557 1148 623 ventriculum
1161 563 1199 623 et
1209 557 1284 621 ali·

319 675 360 719 as
387 657 537 722 vicinas
556 631 685 742 paries
707 661 880 726 corrodit
899 663 964 750 h).

319 787 332 803 ⁵
358 802 395 885 e)
420 802 621 868 Resistunt
644 803 1143 888 succogastricosingulari
1162 803 1280 868 modo

233 892 256 980 ,’
316 901 645 988 vegetabiliumet
659 909 890 972 animalium
904 911 1107 974 cuticulae.
1132 912 1280 974 Instru-

159 995 162 1004 ’
315 1014 434 1074 untur
456 1030 501 1074 ex
522 1031 564 1074 eo
586 1031 697 1086 aves,
721 1031 816 1096 quae
836 1014 967 1096 granis
985 1021 1282 1088 vescuntur‚ro-

312 1116 392 1175 stro
415 1119 453 1175 et
475 1117 690 1178 musculoso
710 1117 919 1183 admodum
937 1121 1157 1184 ventriculo
1169 1103 1280 1205 ,'qui.

206 1214 209 1226 '
288 1213 384 1299 ¹bus
408 1235 451 1276 ea
484 1222 678 1282 conterere
712 1219 882 1284 valeant.
915 1221 1006 1286 luda
1043 1223 1162 1308 etiam
1195 1227 1278 1298 ast,

313 1316 415 1402 quod
430 1317 584 1382 semina
606 1307 908 1403 vegetabilium,
932 1325 1131 1408 legumina
1150 1295 1280 1389 etfrus

312 1425 415 1493 ctus,
436 1421 593 1502 praevie
615 1444 693 1486 non
713 1425 920 1498 masticata
932 1467 943 1502 ,
955 1433 993 1492 et
1016 1427 1112 1490 cutis
1126 1428 1277 1491 anima-

312 1521 412 1586 lium
435 1521 671 1614 epidermide
693 1527 860 1604 vestita,
878 1549 901 1592 a
929 1531 1091 1594 homine
1121 1531 1277 1614 integra

312 1615 504 1692 secedant.
526 1625 655 1704 Partes
677 1629 905 1712 epidermidi
925 1634 1070 1697 similes
1086 1633 1194 1717 ,pili,
1207 1654 1279 1698 un·

313 1750 428 1815 guas,
472 1731 604 1798 eodem
627 1733 811 1802 ‘humore
852 1737 1084 1803 insolubiles
1129 1755 1282 1826 quoque

315 1843 419 1901 flunt·
587 1855 590 1860 ¹

225 2062 230 2071 ,
317 2011 328 2038 ο
355 1983 395 2069 f)
418 1983 659 2050 Animalium
676 1985 980 2063 nonnullorum,
991 1988 1278 2052 ruminantium

233 2131 238 2138 -
313 2089 542 2174 praecipue,
571 2089 759 2174 gastrious
796 2091 938 2152 humor
968 2091 1011 2154 in
1041 2091 1279 2154 substantias

315 2194 446 2257 varias
468 2213 545 2257 non
563 2195 666 2277 agit,
690 2193 768 2257 nisi
783 2193 889 2274 prius
918 2195 1169 2276 masticatus,
1198 2214 1281 2257 ma-

254 2325 257 2330 ·
317 2300 516 2359 cerataeat
529 2295 754 2391 cumgaliva
773 2291 1279 2387 aliisquehumorihussub·

317 2405 426 2463 actae
460 2399 636 2477 ‘l'usrint3
666 2399 896 2462 animalium
927 2420 1019 2465 vero
1050 2400 1251 2482 rapacium
1274 2441 1290 2478 ,

317 2503 449 2568 avium
475 2483 789 2586 amphibiorum,
809 2502 974 2586 piscium
998 2513 1069 2568 etc.
1090 2503 1220 2588 liquor
1238 2501 1281 2568 iu
1309 2513 1312 2516 '

317 2608 451 2673 crudas
471 2610 592 2672 stiam
614 2606 697 2691 agit
718 2607 969 2675 substantias.
1278 2593 1284 2598 ¹

319 2751 528 2818 Peculiaris
561 2752 656 2816 haec
687 2748 867 2814 solvendi·
897 2749 975 2828 vis,
1005 2771 1072 2840 per
1102 2749 1283 2834 analysin

229 2857 448 2922 chemicam
469 2855 642 2919 humoris
665 2853 824 2938 gastrici
849 2855 1071 2938 ceteroquin
1090 2873 1167 2918 non
1194 2873 1280 2918 eru·

233 2961 333 3024 anda
350 3005 362 3036 ,
378 2959 473 3034 aliis=
505 2977 656 3044 quoque
681 2957 802 3031 inest,
831 2949 978 3020 minora
1014 2957 1105 3020 licet
1134 2955 1280 3039 gradu,

236 3061 472 3125 animalibus
483 3059 725 3124 humoribus.
749 3059 943 3142 Comperit
955 3043 1060 3122 anim
1073 3057 1111 3120 P.
1123 3058 1280 3132 Smtrn,

232 3164 335 3250 quod
358 3183 488 3226 carnes
501 3204 510 3235 ,
523 3183 609 3226 ossa
627 3167 664 3226 at
687 3149 790 3228 aliae
815 3161 1003 3226 animales
1023 3160 1281 3241 substantiae,
1340 3190 1344 3200 ·

233 3287 328 3330 cavo
349 3264 569 3328 abdominis
587 3265 766 3329 vivorum
788 3263 1019 3330 animalium
1049 3263 1280 3346 impositae,

233 3372 297 3439 vel
318 3373 398 3438 suti
421 3371 636 3456 subjectae,
660 3373 817 3454 penitus
834 3370 1077 3435 resolvantur
1095 3369 1145 3451 i).
1171 3454 1177 3468 ἦ

233 3575 237 3582 Ι
319 3498 374 3582 a).
398 3490 530 3563 Altera
554 3496 655 3563 succi
683 3496 844 3581 gastrici
873 3499 1090 3582 proprietas
1123 3504 1180 3560 ast
1213 3517 1281 3576 ea,

237 3599 340 3686 quod
362 3599 468 3664 lacet
488 3600 584 3663 alias
604 3599 861 3673 substantias,
881 3601 1063 3666 albumen
1078 3598 1279 3662 continen-

234 3701 315 3778 tes,
340 3703 527 3786 coagulet.
552 3701 708 3766 Retinet
736 3700 909 3766 indolem
928 3703 1028 3782 banc
1050 3703 1193 3765 humor
1206 3699 1281 3762 ista

237 3813 507 3894 postmortem
530 3807 678 3884 adhuc,
700 3803 814 3882 adeo,
835 3810 879 3870 ut
903 3825 1056 3868 mucosa
1089 3803 1212 3868 omasi
1245 3809 1283 3866 at

239 3913 419 3977 abomasi
441 3911 654 3978 vitulorum
684 3907 843 3988 tunica,
863 3907 984 3971 etiam
1015 3905 1123 3970 tenui
1144 3903 1284 3968 lixivio

236 4018 368 4106 prius,
389 4021 432 4078 ut
455 4016 586 4078 Yoouo
608 4017 799 4090 testatur,
819 4011 949 4091 eluta,
969 4007 1108 4092 exigua
1138 4005 1285 4092 portio-

238 4141 290 4189 ne
311 4122 349 4185 in
374 4125 713 4206 aquamucerata,
733 4117 835 4183 hanc
868 4115 1097 4204 coagulants
1121 4115 1290 4200 impros-

239 4230 333 4314 μοι
351 4224 495 4292 virtute
516 4221 576 4312 t).
