2956 4996
120 441 125 451 ·
199 403 366 472 sucnll.
380 405 440 470 Ds
457 415 665 477 nesmnsr.
684 415 797 470 mono
815 415 866 472 er
884 415 1090 477 esseron.
1133 423 1196 492 259

151 547 406 632 respiratione
428 541 450 632 (
461 547 730 634 orthopnosa)
760 547 901 612 collum
928 547 1127 628 tenditur,
1158 555 1197 614 et

153 651 366 718 reflectitur
389 654 524 732 caput,
538 669 612 735 quo
635 651 798 714 musculi
818 651 1196 716 sterno-cleido-ma·

156 753 322 829 stoidei‚
342 770 539 834 supremas
570 757 691 814 costas
721 771 858 834 parum
891 756 1082 830 levantes,
1102 773 1199 838 pun·

156 862 264 920 ctum
293 855 473 920 obtinent
511 853 655 930 fixum;
679 854 926 936 prehendunt
956 855 1099 934 simul,
1132 860 1200 946 qui

155 959 394 1028 difficillime
432 957 613 1042 spiritum
646 957 814 1038 ducunt,
849 959 1000 1044 jamque
1036 960 1200 1026 suffoca·

156 1067 278 1132 tionis
298 1063 557 1146 corripiuntur
579 1079 743 1146 angore,
767 1063 948 1126 manibus
970 1085 1027 1128 ces
1050 1067 1201 1142 obvias,

157 1169 329 1254 ipsisque
367 1165 535 1232 brachiis
575 1165 732 1230 fortiter
772 1167 1025 1244 innituntur,
1053 1176 1095 1234 ut
1118 1191 1203 1234 mu·

157 1272 275 1336 aculis
296 1265 492 1352 pectorali¹
505 1264 644 1350 majori
665 1275 702 1330 et
726 1267 892 1346 minori,
912 1289 955 1332 ac
972 1277 1117 1336 serrato
1137 1293 1205 1338 au·

158 1373 237 1440 tico
258 1371 398 1452 maiori
419 1375 606 1454 punctum
626 1371 767 1434 stabile
791 1378 1000 1453 opponant.

243 1499 311 1563 His
340 1498 473 1582 itaque
503 1493 747 1560 adminiculis
770 1496 941 1560 thoracis
970 1515 1106 1562 cavum
1137 1517 1206 1582 per

158 1601 334 1686 singulas
366 1599 576 1663 diametros
609 1603 790 1680 augetur,
812 1597 979 1682 ipsisque
1008 1579 1206 1680 pulmoni-

160 1705 256 1783 bus,
282 1708 397 1768 antea
421 1701 629 1766 coarctatis
649 1746 659 1779 ,
682 1721 752 1784 pro
783 1702 961 1764 uberiore
990 1704 1049 1766 sui
1072 1711 1207 1770 extan-
1250 1742 1254 1753 ·

161 1811 273 1876 sione
284 1815 424 1894 ,atque
440 1809 522 1872 ae'ri
546 1808 711 1872 irruenti
732 1807 837 1873 locus
854 1815 1014 1891 paratur
1034 1810 1094 1898 h).
1117 1816 1208 1877 Am-

163 1913 313 1998 pliatur
335 1910 409 1976 hac
426 1911 683 1975 ratione-tota
706 1911 871 1993 pectoris
897 1931 1012 1976 cavea
1036 1914 1104 1977 sub
1128 1933 1207 1997 mor

166 2017 301 2082 derato
333 2012 495 2097 respicio
524 2011 678 2078 circiter
704 2013 757 2100 css
780 2019 891 2095 parta
909 2033 919 2092 3
940 2020 1111 2080 sternom
1147 2022 1208 2080 ta·

165 2137 257 2183 men
277 2137 300 2180 a
315 2115 427 2200 spina
447 2114 715 2182 vertebrarum
742 2115 808 2178 vix
833 2115 937 2179 ultra
964 2116 1057 2181 duas
1081 2119 1208 2184 lineas

167 2227 410 2296 remoratum
430 2217 545 2299 paulo
579 2234 668 2280 vero
703 2215 825 2302 majus
856 2216 1004 2280 accedit
1038 2219 1211 2299 spatium

166 2323 218 2390 ab
240 2339 316 2386 uno
335 2327 528 2386 costarum
550 2319 670 2384 latere
690 2317 737 2380 ad
759 2316 864 2382 aliud
877 2361 889 2396 ‚
902 2319 1082 2386 inferiore
1098 2343 1212 2405 praee

167 2427 277 2510 cipue
297 2425 466 2490 thoracis
487 2426 610 2506 parto.
645 2421 808 2488 Minime
831 2428 960 2487 eutem
979 2424 1213 2495 credendum

168 2538 253 2608 est,
276 2527 570 2613 inspirationem
596 2527 668 2590 hac
700 2527 783 2592 sola
811 2525 948 2608 perfici
981 2529 1217 2596 machinati·

168 2655 265 2708 one,
285 2631 462 2715 ipsosque
492 2628 692 2712 pulmones
719 2628 768 2692 ab
797 2631 886 2694 ais're
913 2628 1107 2706 irruente,
1126 2639 1215 2698 tan·

168 2753 287 2824 quam
308 2732 620 2816 conceptaculum
643 2731 744 2796 iners
773 2737 810 2796 et
838 2733 1060 2816 passivum,
1082 2736 1214 2802 diduci

168 2848 326 2909 tantum
346 2841 399 2924 c).
421 2836 595 2901 Vidimus
618 2835 721 2899 enim
743 2835 915 2917 superius
939 2836 1216 2922 (§.,3a5.),pul·

171 2965 304 3012 mones
332 2937 606 3007 irritabilitate
637 2935 817 3020 organica
853 2937 1079 3004 informatos
1113 2963 1218 3020 esse,

171 3065 332 3132 eamque
362 3042 444 3109 vim
466 3035 649 3115 efficere,
680 3045 724 3104 ut
751 3040 877 3104 viscus
902 3039 944 3104 in
978 3043 1217 3112 animalibus

160 3137 346 3218 'recenter
375 3146 557 3212 mactatis
590 3164 659 3228 per
684 3151 836 3227 tempus
863 3143 1021 3230 aliquod
1051 3147 1218 3216 vitalem

172 3259 297 3324 servet
317 3235 538 3335 turgorem,
560 3249 782 3335 externique
807 3252 907 3316 elicis
928 3252 1084 3318 resistet
1113 3272 1222 3338 pree.

173 3357 298 3440 sionis
317 3362 454 3422 notum
471 3356 671 3436 praeterea
691 3359 768 3428 est,
793 3353 894 3440 quod
919 3357 1126 3440 respicium
1150 3379 1219 3442 pe·

176 3470 281 3529 ctore
323 3461 463 3534 lasso,
498 3455 569 3519 etsi
596 3459 655 3520 sat
686 3475 828 3540 magna
863 3458 988 3522 irruat
1020 3455 1121 3523 airis
1153 3479 1218 3526 co·

175 3565 332 3640 lemna,
352 3559 457 3628 haud
477 3558 651 3644 protinus
674 3560 924 3642 cohibeatur,
937 3561 1037 3648 quod
1059 3565 1219 3645 quidem
1334 3533 1350 3583 .‘

177 3667 348 3738 accidere
369 3665 548 3738 deberet,
567 3664 602 3728 si
630 3664 832 3746 pulmones
861 3666 1033 3752 physicis
1061 3670 1222 3751 penitus

177 3773 381 3842 obedirent
403 3771 562 3854 legibus.
595 3770 674 3834 Etsi
704 3770 824 3854 igitur
845 3770 966 3836 fibrae
984 3777 1222 3842 musculares

177 3879 358 3946 tracheae
378 3894 465 3940 eam
486 3873 656 3940 habeant
678 3873 971 3958 dispositionem
984 3883 1050 3953 ‚ut
1068 3884 1221 3943 contra-

117 3960 122 3972 *
178 3981 271 4050 here
294 3981 421 4064 potius
445 3996 560 4064 quam
580 3975 758 4042 diducere
780 3997 873 4042 vasa
902 3979 1012 4042 altrea
1031 3985 1070 4044 et
1099 3981 1221 4044 cellu-

180 4085 238 4152 las
258 4083 422 4148 deheant
446 4077 497 4162 (ᾗ.
517 4081 615 4168 321.)
631 4119 641 4154 ,
658 4077 819 4143 vitalem
844 4077 982 4143 saltem
1007 4080 1221 4146 oscillatio-

179 4207 292 4264 nem,
324 4181 423 4248 aliris
457 4177 756 4262 inspirationem
786 4181 1000 4264 plurimum
1033 4177 1222 4265 adjuvan.

182 4295 285 4372 tem,
306 4307 375 4378 per
393 4305 455 4354 eas
471 4279 650 4390 suscitari
668 4299 882 4372 supponere
901 4279 1095 4450 dabamus.
1208 4301 1211 4308 ’

320 4401 325 4416 ·
869 4433 872 4440 -
920 4441 923 4447 .
1016 4403 1038 4451 s
