2912 5000
444 369 551 440 sacr.
576 361 604 438 1.
623 363 682 438 ns
706 377 842 438 rores.
1106 381 1169 460 ⁴¹7

127 523 170 588 in
190 516 279 584 aliis
296 535 387 586 vero
411 517 584 592 casibus,
611 517 654 582 in
675 513 924 582 cadaveribus
944 517 1051 584 lenta
1071 537 1175 588 mor·

126 635 167 694 ts
198 623 499 698 exstinctorum,
520 643 544 688 a
566 619 761 688 drachmis
789 637 821 688 c.
849 639 966 708 usque
996 635 1081 704 ‚fs-4
1103 643 1174 688 un·

130 727 210 792 cias
241 725 433 812 reperitur
456 725 531 810 α’).
566 707 792 788 cumulactr
824 721 966 788 humor
996 723 1098 790 idem
1133 727 1177 794 in

128 834 203 908 iis,
227 834 293 919 qui
317 853 335 898 e
357 826 478 898 variis
509 830 676 916 pectoris
707 829 850 894 obeunt
882 828 1051 904 morbis,
1074 825 1178 915 apud

130 935 362 1022 hydropicos
384 941 421 1000 et
443 953 505 1000 eos
518 971 531 1010 ,
555 931 621 1018 qui
644 935 725 998 solo
756 929 944 996 duntaxat
965 933 1177 1014 pericardti

131 1039 314 1108 laborant
342 1034 540 1122 hydrope,
563 1053 704 1120 magna
734 1053 1013 1120 nonnunquam
1046 1037 1178 1120 copia,

130 1145 314 1230 variaque
336 1143 497 1210 suscitat
523 1141 702 1206 morbosa
728 1141 996 1224 phaenomena
1021 1142 1078 1225 b).
1101 1141 1176 1210 Neo

131 1264 263 1310 rarum
281 1246 396 1330 plane
416 1250 549 1322 est‚ut
569 1243 757 1310 humoris
778 1263 845 1330 per
866 1244 1020 1310 morbos
1042 1243 1172 1310 varios

132 1348 363 1432 spissescat,
393 1347 520 1430 aliave
560 1345 790 1432 depravetur
830 1345 980 1411 ratione
1020 1346 1083 1432 c),
1115 1345 1179 1412 vel

138 1451 302 1537 lympha
337 1445 589 1536 congelabitis
618 1469 686 1534 per
714 1469 867 1514 omnem
898 1449 1091 1514 ambitum
1115 1469 1179 1514 ex·

131 1553 264 1632 sudet,
283 1573 468 1641 omneque
500 1553 759 1638 peric'ardium
792 1550 897 1618 cordi
927 1553 1177 1628 conferveat,

133 1663 178 1726 ut
196 1655 378 1724 nonnulli
399 1656 618 1741 crederent,
632 1675 695 1724 cor
710 1652 927 1749 pericardio
948 1655 1179 1725 destitutum

132 1784 170 1830 se
193 1761 432 1846 conspexisse
454 1755 515 1848 d).

214 1903 385 1970 Arteriae
406 1899 614 1988 pericardit
634 1919 656 1964 a
674 1893 836 1978 vicinis,
856 1896 1096 1970 mammariis
1116 1899 1176 1972 in·

131 2009 276 2082 ternis,
297 2003 754 2092 pericardiacophranlcis
773 2049 785 2083 ,
804 2005 999 2088 phrenicis
1024 2051 1033 2086 ,
1057 2009 1180 2076 medi·

132 2109 292 2186 eatinis,
314 2107 520 2194 thymion,
546 2103 829 2172 bronchialibus
865 2113 903 2174 et
926 2110 1178 2196 oesophageie

132 2215 332 2290 oriuntur,
355 2213 469 2297 inque
498 2209 670 2276 surculos
708 2211 892 2276 minimos
924 2213 1179 2284 disseminan-

131 2325 196 2385 tur
215 2318 292 2414 Ψ).
315 2316 438 2381 Venae
455 2313 497 2378 in
523 2311 768 2397 cognomines
796 2317 998 2380 transeunt
1021 2321 1179 2384 truncu-

133 2424 203 2490 los.
226 2423 322 2488 Vasa
342 2417 591 2486 absorbentia
610 2415 809 2502 glandulas
836 2416 979 2483 adeunt
1000 2417 1179 2508 lympha.

133 2525 255 2602 tices,
278 2513 373 2611 qua'e
392 2527 524 2588 sertae
543 2525 580 2586 et
601 2539 721 2586 venae
745 2539 867 2592 cavae
894 2523 1086 2604 superiori
1115 2542 1178 2590 suc
1260 2532 1263 2542 ·

132 2627 332 2714 perjacent
354 2670 364 2692 .
388 2627 525 2704 Nervi,
552 2623 600 2690 ad
621 2644 683 2689 ccr
710 2625 828 2701 ituri,
850 2631 887 2692 st
919 2625 1179 2708 pericardiu'm

131 2737 375 2820 penetrantes
403 2727 531 2812 nullos
565 2727 607 2794 in
637 2726 716 2808 ejus
749 2729 901 2794 tunicas
934 2727 1089 2795 mittere
1117 2733 1179 2798 vi*

133 2833 274 2900 dentur
291 2831 460 2900 surculos
484 2830 552 2918 e),
573 2827 688 2914 unde,
703 2831 1017 2918 conceptaculum
1046 2832 1086 2898 id
1110 2834 1178 2902 vix

133 2937 267 3026 aliquo
287 2935 427 3023 gaudet
448 2954 559 3000 sensu
578 2935 632 3020 ἲ).
1185 2941 1186 2948 ’

217 3101 324 3170 Intra
343 3093 383 3166 id
415 3085 675 3184 pericerdlum
698 3113 782 3166 cor
803 3089 961 3175 haeret,
982 3079 1195 3169 musculus

131 3225 271 3290 nempe
305 3203 504 3288 organicus
540 3199 801 3284 praecipuus,
831 3208 994 3290 quatuor
1029 3201 1176 3271 habens

133 3323 290 3382 caveas,
312 3319 406 3369 cono
442 3301 627 3383 dimidio,
647 3321 714 3386 per
746 3303 836 3370 axin
863 3304 982 3372 scisso
1011 3304 1177 3384 similis,

131 3407 237 3474 vasis
272 3407 485 3494 majoribus
526 3405 757 3486 cohaerens,
787 3413 954 3474 ceterum
982 3409 1105 3476 libere
1133 3409 1176 3478 in

129 3515 261 3572 seroso'
275 3527 318 3572 eo
337 3506 607 3592 'conceptaculo
631 3505 832 3574 fluctuans.
855 3509 1026 3594 Respicit
1051 3529 1175 3596 apex

132 3609 363 3675 rotundatas
386 3612 442 3696 (m
456 3631 479 3676 u
493 3630 570 3676 cro
594 3629 674 3677 cor
691 3609 811 3699 dis),
828 3611 1017 3680 veilscula
1047 3615 1177 3681 medie

127 3709 304 3793 divisus,
327 3711 461 3782 lateris
482 3715 633 3782 sinistri
655 3713 813 3802 quintae
835 3721 873 3782 et
893 3723 1021 3782 sextae
1049 3725 1179 3784 costae

135 3815 411 3906 cartilaginess
439 3817 575 3886 basis
608 3837 706 3904 pone
743 3819 961 3906 marginem
999 3820 1176 3888 dextrum

133 3915 255 3987 sterni
290 3923 391 3987 circa
423 3921 674 4010 cartilagines
713 3927 906 3989 costarum
940 3926 1099 4009 quartae
1136 3929 1176 3990 et

133 4028 292 4116 quintas
316 4025 373 4092 ita
400 4017 635 4110 collocatur,
665 4033 718 4120 ut,
740 4035 898 4104 octavas
931 4013 1083 4092 circiter
1116 4027 1176 4093 re·
1256 4110 1260 4123 .

130 4129 318 4216 spondeat
361 4131 504 4200 dorsali
538 4135 769 4214 vertebrass
800 4131 973 4200 facies
1011 4131 1175 4216 ‚plana

132 4245 264 4304 centro
304 4237 486 4306 tendineo
520 4235 829 4326 diaphragmatis
862 4236 1077 4318 incumbitt
1103 4238 1174 4314 stt·

174 4354 408 4438 lassessit
427 4361 601 4450 Phyriol.
625 4359 723 4428 med·
744 4359 824 4428 Vol.
844 4357 909 4424 111.
937 4353 1006 4424 Dd
