2898 4992
304 330 409 402 Sasu
432 331 479 402 ΙΙ.
502 337 559 402 Da
583 340 694 402 Moru
718 344 967 429 sanaturus*¹
1053 343 1057 350 '
1092 347 1155 422 447

111 489 155 548 ut
174 479 269 546 adeo
295 481 399 544 haud
423 479 531 544 aliud
561 475 632 560 sit,
663 493 777 562 quam
809 480 1000 546 relaxatus
1025 484 1167 548 sordis
1235 447 1254 557 'Vx
1317 466 1323 476 ’

97 591 238 676 vstatus
260 585 320 668 b),
343 584 510 646 Fuerunt
539 583 608 644 alii
622 625 633 657 ,
655 583 765 667 qui-a
784 585 1006 665 compressis
1028 587 1159 676 nervis
1265 625 1269 634 ,

116 689 325 761 cardiacis,
349 687 450 748 inter
487 686 649 748 arterias
685 704 842 766 magnas
874 686 1159 765 incedentibus,

117 797 153 856 et
178 789 364 872 impedito
390 786 500 849 fluidi
522 789 655 852 nervei
681 788 941 864 influxu,‚cor
970 792 1158 866 relaxari,

114 901 230 978 atque
253 901 335 985 tum
360 890 426 952 ubi
449 911 491 952 aa
516 911 605 953 vasa
626 891 928 970 contrahuntur,
952 901 990 960 et
1020 913 1158 958 nervo*

113 1021 199 1065 rum
225 1000 365 1080 pressio
387 996 587 1072 suffertur,
622 995 783 1060 eundem
815 1001 1027 1062 musculum
1058 999 1156 1063 actia
1255 1001 1264 1084 '¹

111 1122 203 1166 vum
221 1100 328 1164 reddi
349 1097 567 1162 eredebant.
598 1098 674 1160 Alii
696 1121 785 1163 vero
817 1101 926 1164 corde
957 1107 1153 1166 contracto
1196 1089 1198 1096 ’

114 1203 342 1266 arteriarum
369 1200 656 1264 coronariarum
678 1202 778 1264 ostia
801 1203 927 1266 claudi
939 1240 950 1280 ‚
964 1211 1078 1288 atque
1101 1205 1159 1267 in·

111 1307 157 1369 de
189 1305 465 1368 relaxationem
495 1302 603 1386 sequi
631 1307 851 1384 putarunt,
881 1306 971 1370 dum
993 1323 1035 1368 eo
1069 1327 1152 1370 moe

110 1415 262 1484 mento,
292 1428 365 1493 quo
389 1415 497 1471 sorta
518 1407 753 1488 stringitur,
784 1427 924 1472 novam
954 1398 1155 1493 sanguinis

110 1509 253 1574 undam
286 1508 409 1572 cordis
442 1508 679 1572 substantiae
705 1507 909 1598 submitti,
938 1504 1056 1597 eaque
1091 1533 1152 1576 ra·
1175 1575 1181 1586 ,,

110 1611 217 1675 tione
256 1613 522 1676 contrsrtilem
565 1610 646 1696 ¹vim
690 1609 844 1676 restitui
885 1615 1154 1692 autumarunt.

110 1715 319 1798 Utramque
342 1704 576 1800 hypothesin
597 1713 663 1778 celi
684 1713 779 1778 olim
807 1713 1006 1796 conjunxit
1026 1719 1154 1782 Bosa*
1180 1704 1182 1712 ¹

112 1829 281 1896 natvs,
323 1837 504 1880 nerveam
541 1816 620 1880 vim
657 1819 695 1879 et
731 1816 951 1909 sanguinis.
974 1819 1153 1883 arteriosi

112 1921 328 2005 potentiam
349 1941 417 2004 pro
448 1943 562 1986 causa
592 1922 826 1986 constituens
858 1923 1000 1988 alterni
1029 1917 1155 1989 cordis

113 2028 240 2089 motus
273 2025 327 2111 c).
359 2022 596 2106 Compressio
627 2027 756 2086 autem
790 2039 994 2089 nervorum
1033 2027 1168 2090 cardi«-

115 2147 292 2208 acorum,
326 2130 430 2196 inter
461 2129 623 2193 arterias
654 2147 812 2210 magnas
845 2127 1157 2212 decurrentium,

115 2235 187 2298 etsi
221 2235 351 2317 aliqua
385 2235 463 2296 fors
488 2231 732 2313 ¹contingeret
754 2275 763 2307 ,
790 2234 903 2292 tanta
922 2230 1016 2296 'esse
1037 2235 1158 2302 haud

112 2339 270 2420 potest,
303 2339 346 2396 ut
372 2333 476 2397 cordi
509 2331 720 2416 paralysin,
747 2329 854 2414 quasi
888 2331 1046 2396 inducat
1076 2357 1176 2408 moa,

113 2444 386 2520 maurensem„
411 2435 601 2523 siquidem
624 2434 734 2498 molli
764 2437 946 2500 celluloso
976 2442 1083 2502 textu
1105 2461 1160 2504 se·

114 2545 217 2627 pulti
230 2528 415 2606 haereant
426 2563 436 2619 ς
447 2547 535 2605 sunt
546 2545 745 2624 praeterea,
761 2539 869 2602 nervi
887 2539 1057 2625 alii‚qui
1069 2549 1169 2610 anta.

116 2649 289 2721 sortem,
314 2651 351 2708 et
369 2649 470 2708 retro
489 2643 753 2726 pulmonalem
786 2641 969 2706 arteriam
989 2663 1053 2707 cor
1074 2643 1160 2707 ade·

117 2752 211 2824 unt3
231 2747 392 2832 denique
414 2752 561 2812 constat
581 2745 835 2828 experientia,
856 2747 983 2810 nervis
1005 2747 1169 2830 incisis,'
1230 2749 1234 2756 “

115 2853 250 2937 ligatis
279 2858 346 2916 aut
366 2851 570 2916 destruetis
585 2873 663 2926 ,cor
676 2854 782 2917 illico
795 2853 899 2916 haud
919 2854 1160 2939 conquiesce

114 2973 156 3021 re
178 2955 244 3042 d),
267 2957 346 3020 imo
369 2955 493 3038 capite
516 2956 669 3036 ablato,
694 2962 760 3023 aut
781 2977 798 3018 e
818 2975 972 3039 corpore
985 2959 1160 3023 evulsum

114 3060 467 3145 suosaliquamdiu
495 3063 719 3128 continuare
740 3067 871 3146 pulsus
891 3066 946 3151 e).
966 3064 1080 3128 Ostia.
1093 3085 1161 3128 au-
1175 3047 1199 3130 '.

113 3174 196 3232 tam
217 3167 447 3234 arteriarum
473 3169 760 3232 coronariarum
779 3169 912 3250 patula
943 3171 1163 3234 constanter
1249 3235 1251 3238 ,

115 3280 225 3348 sunt,
250 3293 317 3336 nec
342 3271 480 3336 desunt
496 3256 577 3334 alia¹
593 3271 787 3335 rationum
801 3275 996 3350 momenta
1011 3313 1022 3346 ,
1041 3290 1064 3332 a
1076 3271 1160 3336 cell·
1218 3337 1221 3342 ,

113 3376 356 3462 physiologis
377 3375 521 3437 dudum
546 3373 733 3452 adducta,
753 3395 889 3461 easque
923 3372 1158 3459 hypotheses

114 3477 272 3563 penitus
290 3475 534 3542 infirmantia
552 3477 608 3564 s).
713 3493 718 3504 ¹

198 3629 476 3702 Praetermissis
497 3629 583 3701 aliis
605 3629 881 3724 hypothesibus
899 3652 1030 3703 veram
1043 3635 1176 3714 alters,
1243 3647 1245 3654 ’

114 3741 160 3807 ni
182 3740 302 3804 cordis
322 3749 448 3806 motus
471 3753 624 3806 causam
645 3731 856 3827 disquirere
872 3764 976 3815 ‘nunc
997 3747 1160 3827 oportet.

27 3860 31 3867 ’
116 3843 445 3930 Quemadmodum
469 3837 595 3910 omnis
616 3841 909 3912 vitaeconditio
937 3837 1155 3934 duplexest,

115 3951 271 4016 interna
287 3960 324 4016 et
345 3951 501 4025 externa
522 3949 589 4032 (ξς.
611 3969 663 4031 52.
682 3952 756 4034 57.)
771 3977 785 4026 ‚¹
802 3951 858 4016 ita
874 3960 916 4016 et
929 3952 1063 4014 vitalis
1076 3969 1156 4012 cord
1176 3933 1178 3940 ¹

117 4043 176 4118 dis
197 4054 297 4118 actio
319 4053 364 4115 ab
385 4041 589 4114 individua
613 4053 691 4128 ejus
706 4053 913 4127 ,vitalitate
933 4047 969 4114 et
998 4049 1157 4113 habitu*

117 4155 174 4223 ali
195 4155 445 4233 incitamento
467 4149 690 4242 (§·74.V1.)
717 4157 839 4240 repeti
863 4140 1154 4219 debea'vitslt·
