2956 4996
268 371 330 452 29⁶
416 367 503 432 Lis.
522 365 552 430 1.
575 324 665 432 dee.
688 367 829 430 ntor
851 378 1173 438 necessariore-
1277 379 1285 385 ·

269 517 393 577 metus
419 517 456 574 et
477 510 660 594 gaudium
692 507 818 572 cordis
847 511 1064 576 accelerant
1083 519 1254 590 motum,
1277 521 1315 580 et

268 614 485 698 producunt
518 612 636 675 simul
664 611 894 675 anhelitum.
930 615 974 676 In
997 615 1105 678 omni
1133 635 1244 680 cursu
1275 623 1313 682 et

269 717 498 778 vehemente
523 714 690 796 corporis
714 719 822 777 motu
846 735 889 776 ex
908 715 1041 778 eadem
1062 735 1177 780 causa
1196 699 1315 784 anhe-

269 819 406 881 lamus.
438 819 511 882 Ae'r
532 817 651 880 etiam
680 821 902 883 attenuatus
928 821 990 882 vel
1013 819 1061 882 ob
1084 818 1316 888 mixtionem

265 939 377 982 suam
395 941 463 1002 pro
485 920 744 1002 respiratione
765 919 893 983 minus
914 919 1074 985 idoneus
1096 923 1317 988 anhelitum

267 1025 449 1100 suscitat3
468 1024 561 1118 inde
581 1039 668 1106 ergo
693 1030 770 1103 est,
791 1021 892 1108 quod
912 1023 1114 1102 homines,
1128 1025 1194 1112 qui
1213 1047 1317 1092 sum-

267 1152 334 1195 ma
362 1135 556 1196 montium
584 1133 787 1196 cacumina
819 1131 1080 1208 adscendunt,
1105 1138 1145 1196 et
1174 1133 1225 1206 ii,
1248 1133 1319 1218 qui

268 1235 311 1298 in
335 1237 422 1298 ae're
447 1242 626 1319 corrupto
658 1235 822 1320 degunt,
846 1236 1044 1300 anhelent.
1075 1236 1179 1302 Idem
1208 1236 1316 1302 deni·

268 1358 339 1424 que
370 1321 668 1420 phaenomenon
702 1335 970 1412 advertimus,
1006 1339 1156 1422 quoties
1188 1359 1251 1404 cor
1277 1345 1318 1404 et

264 1441 468 1523 pulmones
512 1439 728 1523 dynamicis
768 1437 1005 1503 adficiuntur
1044 1446 1082 1503 et
1122 1437 1318 1502 morbosis

266 1543 553 1606 mutationibus
573 1589 583 1623 ,
601 1545 663 1606 vel
692 1543 760 1606 ubi
779 1542 944 1627 physica
973 1542 1113 1606 adsunt
1135 1543 1177 1605 in
1204 1529 1318 1624 orga-

264 1645 326 1707 nis
352 1646 413 1708 his
436 1647 730 1730 impedimenta.
755 1648 950 1710 Anhelant
969 1645 1079 1727 ideo,
1101 1646 1167 1732 qui
1195 1647 1318 1710 febri-

262 1747 357 1822 bus,
386 1747 791 1823 inflammationibus,
822 1753 1052 1832 pulmonum
1086 1747 1318 1831 praecipue,

265 1850 474 1928 laborant3
503 1851 690 1915 anhelant
712 1853 765 1926 ii,
780 1853 845 1936 qui
867 1851 1179 1938 hydrothorac'e‚
1199 1871 1320 1914 anev·

262 1952 424 2016 rismate
454 1952 576 2015 cordis
599 1958 637 2016 et
667 1975 845 2018 vasorum
879 1953 1072 2037 majorum
1082 1997 1094 2030 ,
1112 1951 1316 2036 pulmoni-

262 2055 335 2116 bus
369 2055 579 2129 concretis,
610 2055 832 2135 scirrhosis,
853 2056 1110 2120 tuberculosis
1146 2061 1216 2118 etc.
1244 2053 1318 2116 ad-

263 2156 473 2250 ficiuntur,
497 2165 564 2222 aut
593 2159 660 2242 qui
691 2161 856 2225 vulnera
882 2160 1056 2236 habent,
1081 2177 1218 2224 cavum
1247 2176 1318 2240 pe·

238 2333 240 2338 .
265 2261 381 2324 ctoris
401 2261 657 2349 penetrantia.

348 2403 404 2465 Os
418 2421 435 2463 c
449 2400 461 2463 i
475 2406 491 2463 t
503 2421 523 2463 a
537 2407 551 2464 t
565 2401 610 2464 io
641 2409 698 2467 est
732 2404 765 2468 is
802 2400 1072 2487 respirationis
1103 2397 1316 2484 peculiaris

262 2502 421 2578 modus,
442 2523 515 2587 quo
539 2507 605 2566 air
626 2505 764 2590 longa,
779 2505 973 2587 profunda
998 2511 1036 2569 et
1058 2505 1166 2573 lenta
1188 2503 1315 2586 inspi-

262 2607 476 2668 rationein
501 2608 702 2688 pulmones
725 2599 951 2690 adducitur,
973 2595 1171 2693 similique
1195 2611 1233 2670 et
1252 2627 1316 2670 so·

176 2745 178 2753 ‚
265 2693 364 2770 nora
384 2709 596 2791 plurimum
617 2710 883 2793 exspiratione
906 2710 1091 2776 redditur.
1114 2714 1241 2794 Agunt
1262 2707 1317 2771 si.

263 2811 353 2897 mul¹
368 2813 532 2875 musculi
554 2813 756 2878 maxillam
778 2814 1010 2878 deducentes
1024 2857 1036 2890 ,
1051 2813 1153 2876 unde
1169 2832 1209 2874 os
1231 2812 1316 2876 len-

214 2982 216 2988 ,
264 2917 504 2999 tequidem,
530 2917 571 2980 in
594 2919 808 2981 maximum
840 2925 975 2982 tamen
997 2919 1141 2982 rictum
1164 2915 1318 2980 diduci-

165 3060 168 3071 =
266 3019 592 3102 turzaperiuntur
622 3021 739 3084 simul
761 3021 879 3084 tubae
908 3019 1317 3095 Eustachianae,sub-

263 3121 371 3205 itque
405 3123 470 3184 ae'r
501 3143 565 3184 ore
595 3123 787 3200 haustus,
827 3143 962 3187 cavum
1000 3121 1214 3208 tympani,
1245 3121 1315 3206 qui

245 3222 448 3306 'semper
471 3232 642 3289 meatum
663 3217 901 3292 auditorium
926 3217 1127 3294 externum
1146 3227 1194 3291 ad
1209 3231 1315 3312 tym-

261 3327 358 3409 pani
381 3331 648 3394 membranam
670 3330 982 3410 venienti,iusto
1004 3329 1312 3414 magis,resistit,
1393 3379 1396 3384 .

263 3431 366 3518 unde
389 3434 595 3496 oscitantes
626 3434 753 3498 minus
784 3434 962 3498 audiunt.
993 3434 1171 3498 Diductis
1193 3433 1313 3497 simul

263 3540 302 3597 et
330 3521 518 3600 retractis¹
540 3535 655 3598 faciei
688 3538 893 3611 musculis,
915 3537 1085 3622 ipsisque
1115 3534 1314 3619 palpebris

262 3637 403 3701 fortius
426 3640 664 3715 constrictis,
690 3639 826 3725 quibus
859 3639 1066 3723 glandulae
1090 3637 1312 3703 lacrimales

265 3743 604 3824 comprimuntur,
634 3743 805 3809 adscribi
837 3745 948 3808 debet
967 3789 978 3820 ,
1000 3743 1102 3830 quod
1138 3742 1315 3808 lacrimis

262 3844 504 3910 inundentur
527 3847 642 3910 oculi.
665 3847 824 3912 Lantior
846 3846 1045 3930 sanguinis
1069 3866 1136 3929 per
1155 3846 1311 3927 pulmo-

262 3967 329 4012 nes
349 3956 474 4013 motus
488 3996 498 4028 ,
513 3949 800 4015 incommodam
825 3950 1083 4014 sensationem
1101 3947 1313 4022 suscitans,

263 4053 430 4135 languor
451 4055 596 4118 virium
625 4055 903 4118 muscularium
928 4059 965 4118 et
995 4073 1173 4118 sensuum
1205 4053 1311 4118 iner-

262 4159 323 4222 tia
342 4161 508 4224 oscitare
527 4179 596 4224 nos
615 4159 775 4223 faciunt.
800 4161 975 4225 Oscitant
995 4161 1087 4224 hinc
1109 4157 1310 4223 laboribus

190 4341 193 4351 Ι
261 4260 494 4347 defatigati,
530 4262 785 4343 somnolenti,
813 4263 928 4330 modo
958 4262 1216 4349 evigilantes,
1246 4261 1308 4326 fa-
