2922 4996
271 407 381 472 snos.
401 400 450 469 11.
471 403 532 470 De
552 417 672 468 cnrnr
693 417 875 472 roarrsr.
894 398 942 468 11.
965 419 1108 474 nnrsr.
1153 429 1218 496 133

264 571 330 616 me
361 551 489 618 isthoc
515 548 748 616 arteriarum
779 565 911 636 gerere
937 571 1104 631 munus,
1130 554 1225 638 ipsi-

261 675 336 742 que
366 651 575 720 sacrationi
606 652 780 720 dicatum
809 675 898 720 esse.
931 657 970 722 Si
1000 659 1106 722 enim
1129 663 1222 724 'san-

263 757 393 844 guinis
422 761 580 822 tantum
611 760 728 830 esset,
756 760 801 820 nt
829 757 976 836 Pownn
1004 757 1141 836 docet,
1163 759 1223 824 di·

261 859 786 940 verticulummscssmium
804 859 909 925 haud
928 861 1049 939 soret,
1060 869 1104 928 ut
1120 863 1224 948 ipsos

260 966 376 1050 plane
402 965 541 1030 subeat
568 965 719 1045 acinos,
750 969 789 1030 et
807 963 971 1030 minime
993 971 1078 1032 tum
1111 985 1224 1050 opor·

263 1075 364 1136 teret
386 1069 652 1136 anastomosin
670 1069 833 1134 existere
853 1069 956 1135 inter
973 1090 1114 1136 venam
1134 1091 1224 1157 por·

261 1178 394 1237 tarum
429 1176 468 1236 ct
501 1171 646 1236 biliosa
671 1175 844 1238 vascula.

305 1337 349 1419 4)
365 1335 541 1420 Denique
573 1337 768 1422 capacitas
801 1337 964 1403 arteriae
993 1338 1222 1426 hepaticas,

262 1446 308 1506 ut
328 1441 397 1504 cel.
428 1443 592 1506 Meum
628 1449 761 1508 contra
779 1442 933 1510 Brcnnr
963 1443 1126 1527 opponit
1146 1443 1224 1529 h),

260 1549 374 1609 tanta
397 1537 555 1609 omnino
576 1543 681 1608 haud
708 1551 788 1622 est,
810 1551 856 1612 ut
884 1551 1039 1612 tantum
1072 1547 1223 1612 nutrire
1288 1625 1292 1635 ι

261 1647 390 1711 viscus
401 1690 414 1725 ‚
426 1645 622 1732 energiam
638 1645 719 1730 ejus
741 1667 987 1725 conservare,
1000 1653 1115 1734 atque
1133 1653 1223 1714 tan·

261 1757 344 1816 tam
364 1751 540 1814 humoris
560 1749 712 1836 copiam
733 1771 928 1818 secernere
947 1754 1089 1820 valcat.

261 1919 314 1983 Ex
339 1916 426 1984 istis
446 1917 575 2002 igitur
600 1917 821 1984 rationibus
854 1917 1138 1999 convincimur,
1162 1920 1225 1986 bi·

77 2010 81 2018 ’
179 2025 259 2090 iem
280 2047 325 2090 ox
345 2045 467 2090 venae
484 2031 687 2110 portarum
708 2025 893 2112 sanguine
906 2027 1061 2116 quidem
1078 2029 1224 2112 parari,

178 2129 337 2194 arteriis
378 2133 511 2194 tamen
545 2149 615 2194 sua
651 2129 693 2194 in
730 2149 776 2196 ee
807 2131 1018 2196 secretione
1059 2152 1138 2198 esse
1165 2133 1224 2199 oi-

178 2231 282 2297 ficia.
305 2232 429 2298 Debet
450 2253 589 2318 nempe
606 2233 804 2319 hepar,ut
822 2233 1016 2302 functioni
1035 2259 1225 2324 praeesse,

179 2355 364 2420 suamque
388 2336 718 2420 organisationem
741 2343 780 2404 st
799 2338 1020 2422 specificam
1042 2342 1224 2410 vitalita-

177 2445 260 2504 tem
279 2435 348 2522 (§§·
367 2445 420 2522 58·
441 2441 516 2526 6⁶.)
539 2459 764 2506 conservare
782 2441 937 2520 valeat,
958 2445 1145 2529 sanguine
1161 2465 1224 2510 ar-

177 2541 324 2606 terioso
358 2548 580 2608 constanter
609 2543 770 2627 irrigari
802 2542 821 2624 (
835 2549 863 2624 5.
891 2556 962 2622 104.
976 2545 1009 2633 ).
1046 2543 1226 2612 Diximus

179 2648 381 2728 praeterea
402 2641 453 2728 (ς.
471 2645 584 2732 193.),
602 2645 788 2715 biliosum
809 2647 1067 2733 principium,
1090 2649 1225 2716 carbo·

179 2747 313 2810 nisum
340 2746 481 2832 quippe
510 2747 613 2832 ejus,
639 2753 806 2814 attracto
835 2751 1025 2836 oxygonio
1049 2770 1226 2816 amarum

180 2851 315 2926 reddi,
330 2857 377 2916 'et
393 2869 502 2914 suam
529 2851 697 2935 accipere
723 2849 918 2928 indolem,
939 2849 1041 2937 quod
1068 2851 1226 2937 quidam

180 2981 250 3043 per
269 2957 436 3024 arteriae
465 2957 670 3040 hepaticas
692 2955 919 3040 sanguinem
941 2955 977 3022 ei
1008 2955 1226 3022 adducitur.

178 3063 375 3128 Firmatur
397 3065 525 3124 autem
545 3060 640 3124 haec
665 3059 800 3144 opinio
831 3078 911 3124 non
939 3057 1053 3124 modo
1070 3079 1138 3145 par
1161 3058 1224 3134 id,

183 3165 288 3254 quod
311 3165 404 3230 bilis
432 3163 674 3250 embryonis,
697 3163 764 3250 qui
794 3162 966 3228 nondum
994 3163 1225 3248 respiravit,

181 3289 359 3336 amaror-e
380 3267 636 3346 destituatur,
657 3285 792 3331 verum
815 3271 855 3332 et
876 3267 1227 3353 Malpighiana

179 3375 226 3440 id·
247 3371 358 3439 docet
378 3373 618 3438 observatio:
639 3369 809 3438 advertit
828 3371 954 3449 enim,
967 3372 1089 3438 bilem
1100 3417 1113 3452 ,
1128 3381 1226 3459 quae

181 3499 206 3544 a
223 3477 394 3563 deligata
412 3477 556 3542 arteria
575 3477 866 3553 secernebatur,
878 3477 1003 3542 colore
1018 3483 1227 3558 mutatam,

182 3589 222 3648 et
242 3585 370 3648 minus
393 3601 567 3648 amaram
588 3582 708 3652 fuisse
730 3581 781 3670 i).
813 3580 917 3648 Muci
939 3587 1140 3666 practerea
1167 3605 1226 3648 se·

181 3685 329 3763 cretio,
351 3691 466 3770 atque
489 3685 686 3750 exhalatio
711 3703 863 3760 ser-osa,
883 3701 980 3770 quae
1000 3683 1043 3748 in
1067 3699 1227 3748 mucosa

180 3788 383 3873 superficie
411 3807 593 3853 vasorum
616 3788 864 3852 biliferorum
890 3795 929 3853 et
958 3787 1120 3874 cystidis
1149 3787 1224 3850 fel·

180 3897 266 3960 lsas
288 3895 349 3982 (ς.
369 3893 475 3977 eor.)
498 3893 676 3976 copiosae
695 3892 861 3976 supponi
889 3893 1057 3969 debent,
1080 3911 1226 3980 quaeve

173 3998 375 4082 'insignem
406 3995 499 4061 hilis
531 3996 776 4062 constituunt
811 4001 964 4082 partem
987 4040 998 4072 ‚
1025 4015 1094 4080 per
1122 3993 1225 4078 ipsos

181 4103 372 4168 duntaxat
393 4101 624 4166 arteriarum
654 4100 827 4168 surculos
848 4101 1119 4185 perficiuntur.
1149 4099 1225 4162 De·

97 4291 100 4296 Ι
144 4250 149 4259 ·
180 4210 298 4294 nique
326 4205 592 4280 convincimur
616 4203 662 4270 de
693 4207 922 4272 arteriarum
945 4207 987 4270 in
1012 4203 1226 4270 secretione

186 4312 314 4384 isthac
338 4309 527 4396 dignitate
554 4308 714 4394 perid,
734 4307 835 4394 quod
856 4311 900 4375 in
921 4307 1117 4374 mollusois
1137 4305 1227 4373 nul·
