2956 4996
226 375 407 449 srentv.
422 374 481 440 Dr
505 385 654 440 vrrscr
677 383 897 442 assessor.
915 383 1099 437 rrsscru.
1140 365 1204 459 περ’

152 511 289 590 {intui
310 511 553 582 confirmetis
583 511 675 599 α’),
695 529 817 577 nervo
843 529 939 596 vago
964 512 1006 576 in
1027 513 1134 598 aquis
1159 519 1199 581 et

153 625 318 690 canibus
349 623 495 684 resecto
521 619 589 680 aut
621 631 856 698 compresso,
881 615 1016 699 gravia
1038 639 1117 682 non
1138 641 1199 686 so·

155 731 239 796 ium
260 721 440 791 suscitari
468 721 511 784 in
539 716 795 801 respiratione
824 719 1115 802 phaenomena,
1133 745 1201 789 ve·

155 851 245 898 rum
266 829 394 911 ipsum
414 824 534 890 etiam
563 818 779 885 chemicum
802 819 843 884 in
865 823 1116 903 pulmonibus
1141 827 1200 894 ita

154 933 260 1004 laedi
287 945 529 1014 processum,
561 931 604 987 ut
631 921 785 1008 sanguis
817 925 1023 990 arteriosus
1058 927 1199 996 florido

157 1041 396 1106 destituatur
415 1013 566 1106 cblore,
585 1049 726 1094 venoso
749 1029 892 1094 similis
913 1031 1107 1100 reddatur.
1131 1039 1203 1103 Ex·

156 1141 378 1226 perimente
415 1133 565 1201 similia
607 1133 863 1196 instituerunt
897 1133 1110 1202 Dcerorsr
1142 1139 1201 1207 de

155 1243 450 1315 Bsersvrncs,
482 1237 624 1302 Druse
658 1241 695 1298 et
726 1237 908 1299 Emnsrr
947 1237 1026 1323 b),
1061 1241 1200 1326 quibus
1327 1234 1331 1248 '

156 1361 243 1407 eam
270 1337 584 1408 observationem
616 1335 773 1400 dubiem
798 1335 1062 1402 reddiderunt.
1106 1344 1200 1406 Oen·

96 1498 100 1509 .
156 1450 244 1510 sent
264 1463 404 1528 nempe
429 1441 474 1505 hi
502 1439 601 1514 viri,
625 1440 816 1505 animalia
846 1447 989 1506 resecto
1019 1445 1060 1508 in
1094 1451 1203 1511 utro·

157 1565 230 1634 que
251 1547 372 1612 latare
391 1563 510 1610 nerva
529 1561 626 1628 vago
651 1563 696 1608 ex
714 1561 757 1608 eo
777 1541 979 1624 suffocari,
1001 1549 1101 1630 quod
1125 1569 1205 1615 me·

158 1649 388 1714 chaniemus,
414 1645 683 1730 respirationis
725 1644 938 1723 laedatur,
968 1665 1037 1710 nec
1081 1650 1204 1736 igitur

158 1747 357 1816 sufficiens
383 1747 484 1812 airis
524 1747 636 1834 copia
666 1745 708 1810 in
743 1747 946 1831 pulmones
979 1750 1204 1822 adducatur.

160 1855 239 1922 Cel.
272 1858 400 1918 autem
431 1843 566 1916 cniva
608 1849 845 1916 mutationes
884 1875 946 1920 eae
975 1859 1204 1938 perturbato

160 1957 365 2043 sanguinis
379 1955 566 2020 'circuitui
587 1953 794 2034 adscribit,
808 1957 937 2023 dicens
950 1997 961 2036 ,
976 1961 1207 2044 sanguinem

161 2061 293 2128 debite
322 2057 487 2146 oxydari
516 2079 561 2124 ex
594 2077 638 2123 eo
661 2077 740 2124 non
765 2077 895 2144 posse,
922 2061 1024 2148 quod
1056 2063 1204 2128 tabefa-

159 2163 276 2230 ctatis
300 2162 530 2246 pulmonum
558 2159 680 2242 vasis,
702 2159 803 2245 justo
832 2165 960 2228 minor
989 2165 1138 2230 feratur
1164 2169 1206 2234 in

159 2271 258 2338 baec
277 2265 618 2334 viscera'humorie
638 2265 747 2352 copia
768 2265 824 2350 c).
849 2269 1110 2336 observarunt
1130 2279 1208 2338 ter-

159 2373 246 2438 dius
281 2373 462 2436 Enmrsr
491 2373 529 2432 et
556 2369 880 2445 Hocnsrurrsn,
918 2371 1019 2458 qued
1051 2373 1208 2457 quidem

158 2479 380 2544 Monetium
402 2472 482 2560 jam
513 2469 682 2535 advertit
706 2471 772 2559 d),
792 2493 954 2540 nervum
985 2477 1208 2562 sympathi.

161 2599 248 2644 cum
280 2595 466 2662 magnum
498 2575 539 2640 in
562 2575 755 2662 plerisque
784 2581 1062 2646 mammalibus
1091 2599 1209 2670 gren-

158 2677 334 2749 dioribus
355 2697 441 2744 cum
463 2695 560 2764 vago
583 2677 787 2764 conjungi,
808 2671 851 2746 'et
880 2685 1076 2749 communi
1100 2685 1206 2770 cingi

159 2783 326 2871 vagina,
357 2785 401 2846 ut
431 2777 525 2846 adeo
555 2781 596 2844 in
628 2781 810 2864 periculis
851 2783 1205 2873 Dupuytreni.

159 2889 275 2956 anis
298 2885 417 2952 iidem
439 2885 549 2949 nervi
571 2885 688 2949 simui
711 2885 916 2970 comprimi
928 2893 1007 2952 'aut
1035 2891 1204 2956 rescindi
1276 2933 1281 2945 -

158 2989 367 3060 debuerint
386 2991 441 3075 a).
475 2989 622 3052 Debent
643 2987 762 3070 igitur
786 2989 916 3054 variae
946 2991 1050 3057 laedi
1070 3013 1137 3076 per
1160 3013 1206 3057 eo

157 3095 330 3186 pericula
365 3093 608 3171 functionss3
637 3091 798 3156 minima
826 3097 956 3160 tamen
995 3095 1206 3171 credimus,

158 3198 442 3270 bio'chemicam
483 3197 716 3281 pulmonum
755 3195 950 3262 actionem
975 3183 1204 3264 ⁴immunem

151 3325 398 3394 permanere.

239 3491 322 3560 Etsi
350 3489 473 3576 igitur
505 3483 770 3570 experimenta
802 3489 997 3556 clerorum
1027 3489 1204 3556 virorum

155 3597 234 3666 sibi
253 3615 332 3662 non
359 3594 515 3679 penitus
547 3591 826 3678 respondeant,
848 3599 885 3660 et
907 3594 1039 3659 variae
1072 3615 1205 3660 eorum

154 3691 237 3766 sint
258 3697 496 3774 sententiae„
523 3693 833 3776 observationes,
858 3695 1045 3764 adlectus
1068 3715 1203 3781 aegro·

156 3825 243 3874 rum
262 3805 388 3870 foetae
407 3799 637 3878 ostendunt,
650 3797 879 3884 pulmonum
899 3799 1076 3868 officium
1094 3821 1205 3866 enar·
1295 3849 1300 3861 .

155 3912 242 3997 gisa
260 3905 397 3986 vitali,
421 3887 629 3972 nervorum
660 3904 868 3988 praecipue
899 3905 1106 3988 potestati,
1137 3923 1204 3986 pe·

100 4027 109 4039 “
156 4017 264 4082 nitus
288 4033 365 4078 csse
386 4009 614 4092 subjectum·
636 4011 870 4095 Frequenter
890 4009 992 4075 enim
1013 4006 1205 4087 videmus,

154 4119 357 4205 sanguinis
382 4113 529 4180 mutari
551 4115 781 4200 qualitates,
801 4111 1065 4178 mechaniemo
1085 4109 1203 4192 respi-

43 4220 52 4236 ’
157 4221 322 4292 rationis
350 4221 429 4288 fere
459 4217 618 4284 illaesos
648 4217 837 4282 cernimus
867 4235 980 4299 saepe
1001 4215 1205 4286 humorem

162 4379 165 4388 '
205 4359 431 4440 Lruuosslis
452 4359 748 4452 Physiol.'med.
765 4364 846 4434 Vol.
866 4367 931 4432 111.
1004 4365 1037 4433 T
