2912 5000
447 39 455 84 l

260 394 370 460 sacr.
394 375 1001 472 111.urur1asrsneaarroun·
1096 316 1161 454 aas
1191 443 1195 453 .

115 541 307 611 minicula
329 543 379 624 (ς.
409 529 485 618 352·
508 531 614 613 na.)
643 523 871 612 spectantia.
908 521 1063 588 Etenim
1094 522 1165 584 rub
1276 569 1279 576 .

112 648 262 734 angulo
285 645 366 711 fere
386 645 490 704 recto
510 659 555 702 ex
579 641 711 700 aortae
731 629 1052 708 trunco,arteria
1069 645 1165 690 mes·

113 751 289 822 enterica
325 743 522 830 superiore
560 739 676 824 paulo
709 738 871 802 inferius
912 733 1167 818 potissimum

116 856 317 926 oriuntur,
350 850 533 934 viamque
564 842 836 907 brevissimam
872 839 1101 910 excurrunt,
1125 839 1165 896 et

114 961 195 1047 jam
218 976 286 1021 sua
310 953 512 1034 attingunt
531 947 692 1011 viscera.
718 929 976 1026 Inpleritque
998 937 1168 1020 corpori·

115 1067 189 1130 bus
231 1060 327 1123 duae
359 1059 514 1119 tantum
550 1049 690 1113 adsunt
732 1046 931 1132 arteriae,
961 1041 1169 1110 dextra,

116 1165 237 1251 paulo
257 1158 508 1244 potissimum
530 1151 707 1236 longior,
735 1157 773 1214 et
796 1149 876 1211 ain
890 1147 903 1210 i
915 1151 1020 1210 stra
1031 1159 1167 1226 „quae

119 1292 166 1335 ex
188 1274 294 1334 corta
314 1260 527 1348 prodeunt,
550 1257 668 1342 inque
688 1254 748 1341 sui
769 1249 902 1316 lateris
931 1266 1063 1313 renem
1083 1249 1168 1308 ten·

121 1377 220 1441 dunt
242 1379 285 1448 ⁸).
308 1370 454 1435 Multae
477 1370 608 1434 tamen
630 1363 814 1424 ocurrunt
830 1353 1059 1424 varietates,
1073 1347 1169 1410 adeo
1200 1367 1202 1374 ·

118 1485 165 1546 ut
188 1477 268 1564 jam
291 1475 334 1538 in
353 1483 453 1544 uno,
472 1468 551 1550 jam
570 1464 611 1527 in
632 1467 798 1546 utroque
823 1477 912 1522 rene
938 1455 1066 1538 plures
1090 1451 1171 1514 sint

121 1581 356 1649 arteriarum
384 1571 618 1659 principales
648 1565 770 1643 rami3
798 1583 867 1628 nec
895 1547 1010 1645 plane
1038 1575 1172 1624 rarum

124 1692 205 1762 est,
233 1687 277 1746 ut
304 1678 405 1746 rami
434 1673 622 1740 adcedant
657 1669 705 1734 ab
736 1687 769 1730 a.
794 1662 1075 1750 hypogastrica
1106 1661 1174 1722 aut

124 1792 244 1858 iliaca
265 1785 339 1880 ξ’).
372 1781 589 1846 Finduntur
611 1774 685 1838 hae
716 1769 882 1845 arteriae
913 1764 962 1830 ad
987 1763 1177 1846 maiorem

123 1895 188 1960 vel
210 1892 402 1956 minorem
425 1907 448 1948 a
471 1897 637 1947 concavo
663 1872 777 1939 renis.
797 1867 974 1954 margine
1004 1865 1057 1950 (§.
1076 1862 1174 1949 366.)

126 1995 360 2066 distantiam
384 1990 424 2055 in
446 2005 575 2053 ramos
593 1981 687 2046 duos
700 2019 710 2055 ,
732 1981 809 2042 tres
835 1980 901 2039 aut
928 1973 1085 2057 plures,
1107 1968 1174 2054 qui
1273 1965 1275 1970 ’

126 2105 257 2173 hilum
294 2093 592 2183 ingrediuntur,
620 2086 737 2170 inque
777 2079 946 2169 minores
984 2071 1176 2142 subdivisi

129 2223 258 2274 ramos
282 2202 348 2286 a),
370 2213 480 2264 arcus
500 2190 693 2261 formant,
717 2188 755 2248 et
778 2177 969 2262 descripto
992 2171 1106 2236 modo
1133 2171 1178 2254 (§.

128 2309 230 2396 367.)
247 2307 289 2372 in
317 2305 481 2386 utraque
512 2307 648 2359 renum
674 2281 894 2352 substantia
923 2275 1178 2344 disseminan-

133 2421 211 2480 tur.

134 2603 137 2608 ·
215 2567 415 2654 Capacitas
438 2559 670 2627 arteriarum
690 2531 882 2618 renalium
902 2513 1111 2616 tanta¹est,
1136 2542 1182 2604 ut

131 2683 177 2748 in
198 2676 306 2742 nullo
327 2669 404 2735 alio
424 2667 645 2732 secernente
670 2658 815 2722 viscere
835 2648 1051 2734 reperitur,
1073 2641 1182 2722 adeo,

134 2789 182 2850 ut
202 2781 310 2867 juxta
332 2761 723 2839 caleulum'Senaci
748 2759 800 2845 rso
827 2759 906 2824 fere
934 2752 1057 2818 totius
1081 2768 1183 2839 mas·
1303 2769 1308 2776 ·

109 2909 113 2914 ’
135 2908 201 2956 eae
221 2877 423 2966 sanguinis
444 2893 533 2956 para
552 2871 595 2934 in
615 2883 723 2942 renes
742 2863 889 2930 feratur
918 2855 978 2936 b).
1012 2853 1185 2920 Memora

25 3021 28 3026 ·
135 3001 180 3060 tu
199 2989 360 3074 dignum
381 2979 607 3068 quoquessest
625 2969 777 3053 insigne
799 2979 931 3028 earum
953 2956 1185 3027 arteriarum

138 3093 282 3174 robur,
315 3107 389 3174 quo
417 3101 552 3148 omnes
588 3076 772 3158 superant
799 3066 973 3157 ¹reliquas
1013 3056 1186 3123 arterias.

138 3205 252 3284 Ipsae
285 3196 390 3259 enim
419 3186 602 3257 tunicae,
628 3197 715 3251 cum
747 3172 896 3241 lumine
920 3165 1186 3247 comparatae,
1306 3205 1312 3214 ,
1341 3237 1344 3246 .

142 3295 372 3366 Wintrin
382 3281 584 3376 gliumin
606 3284 779 3347 testante
789 3318 800 3352 ,
823 3272 938 3355 duplo
964 3262 1186 3347 etamplius

144 3401 348 3477 crassiores
370 3397 461 3460 sunt
482 3407 596 3482 quam
609 3386 651 3448 in
667 3385 793 3457 corta,
809 3373 994 3440 resistunt
1013 3372 1187 3453 praeter-

145 3530 191 3581 ea
224 3499 306 3570 atri
335 3485 535 3580 impulso}
565 3484 666 3574 quod
698 3483 801 3547 idem
824 3472 1096 3572 erperimentis
1130 3488 1189 3532 osa
1240 3511 1247 3526 ὁ

92 3651 99 3683 ,ι
132 3609 273 3686 stendit
284 3644 300 3684 ,1
325 3601 448 3689 magis
480 3617 523 3664 ac
548 3596 634 3678 ipsa
667 3594 801 3661 torta,
826 3584 910 3656 ita,
938 3584 983 3644 ut
1015 3567 1189 3640 firmitas

144 3733 278 3786 aarum
300 3710 348 3774 ad
367 3709 468 3772 hanc
488 3721 528 3766 se
548 3697 692 3763 habeat
711 3693 753 3756 in
772 3687 925 3754 ratione
942 3699 1005 3766 51³
1023 3690 1067 3755 4ο
1092 3677 1146 3763 c).
1209 3665 1213 3670 ’

123 3945 125 3952 ,
177 3887 179 3892 ’
227 3879 387 3944 Venae
413 3867 627 3938 renales‚e
655 3853 856 3940 superficie
881 3858 919 3916 et
947 3850 1102 3914 interna
1132 3861 1191 3908 ra·

144 4005 240 4054 num
260 3973 478 4048 substantia
501 3969 762 4049 emergentes,
786 3951 1087 4024 constantiorem
1117 3945 1189 4032 hae

141 4093 238 4158 bant
259 4101 375 4172 quam
393 4073 558 4142 arteriae
576 4053 782 4152 fabricante
810 4064 854 4127 lu
875 4057 1066 4145 plerisque
1086 4039 1190 4112 etnim

134 4184 365 4256 individuis
396 4179 491 4244 duae
527 4175 694 4246 adsunt,
727 4169 910 4232 dextra
943 4157 1121 4226 brevior,
1152 4153 1191 4212 et

148 4291 375 4368 sinistra
393 4277 542 4366 longior
563 4295 606 4346 ac
625 4273 740 4360 paulo
757 4265 932 4350 firmior,
955 4279 1051 4346 quae
1070 4253 1194 4326 ramis

1093 4469 1100 4518 l
