2922 4996
1261 278 1277 310 Q

282 383 342 468 176
385 379 964 458 Lrs.1.csr.11.Dssc1nnnr.
984 393 1247 452 nressrrors.

734 531 762 602 §-
803 545 882 610 309·

280 716 437 809 Ghyli
471 689 744 796 absorptio
777 717 825 776 et
854 715 1117 780 transitus
1141 716 1195 780 in
1218 710 1328 781 'sam

691 814 908 899 guinem.

293 1022 301 1042 .
362 981 577 1050 Credebant
595 986 755 1054 veteres,
768 1000 920 1044 omnem
940 981 1115 1046 alibilem
1139 981 1214 1046 cibi
1235 983 1327 1046 sub-

272 1087 468 1178 stantiam
487 1106 509 1147 a
528 1082 636 1146 venis
659 1083 881 1146 mesaraicis
900 1085 1043 1166 recipi,
1068 1087 1182 1168 inque
1203 1086 1326 1166 hepar

280 1192 421 1258 deferri
448 1190 514 1274 *),
537 1187 654 1250 donec
680 1209 776 1249 vasa
806 1189 931 1252 lactea
960 1191 1116 1254 uberius
1149 1192 1327 1276 cognita,

280 1285 415 1358 ductus
437 1291 657 1356 thoracicus
681 1290 1000 1375 inventus,atque
1022 1293 1326 1356 communicatio

278 1396 396 1474 hujus
418 1413 504 1456 cum
527 1391 608 1456 illis
631 1392 784 1476 penitus
813 1390 938 1455 evicta
958 1395 1098 1458 fuisset
1123 1398 1184 1478 (§.
1209 1397 1326 1477 173·).

278 1499 336 1566 Ab
357 1517 400 1562 eo
421 1501 551 1558 autem
573 1499 747 1575 tempore
767 1513 900 1556 verum
923 1495 1027 1579 chyli
1056 1497 1133 1560 iter
1160 1518 1227 1580 per
1258 1498 1328 1560 ob-

277 1599 516 1666 servationes
537 1596 666 1658 varias
688 1595 871 1658 hactenus
893 1594 1089 1674 innotuit,
1111 1605 1155 1662 ut
1172 1599 1327 1662 nullum

279 1702 449 1786 supersit
467 1697 654 1770 dubium,
681 1697 883 1762 humorem
904 1719 927 1760 a
950 1722 1129 1764 vasorum
1163 1703 1329 1787 chylife·

278 1824 413 1872 rorum
442 1799 615 1873 ostiolis,
638 1800 680 1862 in
706 1800 861 1881 pliculis
893 1801 1049 1867 tunicae
1078 1803 1238 1868 villosae
1258 1824 1328 1886 pa·

278 1903 456 1973 'tentibus
478 1898 651 1987 (§.285.)‚
672 1901 891 1979 absorberi,
912 1924 1053 1989 perque
1076 1927 1167 1970 vasa
1187 1907 1327 1978 lactea,

278 2006 484 2096 glandulas
519 2004 749 2068 mesaraicas
781 2005 1022 2084 trajicientis
1043 2003 1103 2087 (ς.
1136 2009 1259 2092 286.),
1284 2013 1328 2077 in

282 2111 440 2180 ductum
458 2109 703 2174 thoracicum
727 2104 747 2189 (
760 2115 791 2183 §.
815 2110 917 2191 167.)
945 2111 1098 2178 deferri.
1133 2117 1329 2198 Apparent

280 2218 378 2283 haec
398 2215 441 2278 in
461 2212 648 2286 animali,
668 2211 771 2296 quod
793 2213 945 2297 aliquot
968 2221 1057 2295 post
1077 2222 1230 2298 pastum
1253 2219 1326 2282 ho-

282 2319 338 2384 ris
371 2319 585 2389 mactatur,
614 2315 683 2378 ubi
710 2320 837 2378 totum
865 2315 906 2379 id
939 2337 1122 2382 vasorum
1154 2328 1328 2406 systema

281 2423 447 2487 humore
466 2419 615 2496 lacteo,
636 2421 703 2480 aut
724 2417 849 2480 tincto
878 2418 999 2482 etiam
1028 2418 1078 2499 (ς.
1096 2424 1219 2509 308.),
1244 2431 1329 2490 tur.

281 2524 346 2606 gat
357 2539 367 2596 ;
387 2516 524 2596 injecti
543 2517 633 2582 de’in
652 2518 846 2604 liquores,
864 2520 930 2582 air
947 2520 1106 2586 inflatus
1119 2567 1130 2601 ‚
1143 2530 1210 2587 aut
1230 2545 1331 2599 mer·

283 2621 413 2688 curius
450 2619 586 2684 ductui
627 2622 828 2685 thoracico
867 2619 1102 2704 immissus,
1138 2631 1328 2712 superatis

281 2745 393 2808 saepe
411 2723 609 2800 valvulis,
630 2724 673 2787 in
694 2724 899 2806 glandulas
921 2729 1142 2792 mesenterii
1165 2735 1332 2802 etultra

281 2827 551 2913 propelluntur
571 2846 586 2914 ᾗ
611 2817 775 2910 denique
805 2825 943 2924 ligata*
967 2850 1060 2893 vasa
1090 2831 1237 2910 lactea,
1267 2836 1332 2903 vel

280 2935 502 3004 thoracicus
524 2932 681 3010 ductus,
704 2939 858 2998 tument
879 2933 1005 3010 infra,
1026 2944 1064 3001 et
1084 2940 1331 3010 collabuntur

282 3059 400 3123 supra
418 3035 643 3111 vinculum,
663 3041 707 3108 et,
722 3039 848 3116 potest
867 3041 1067 3120 pressione
1090 3045 1170 3108 sola
1189 3047 1330 3115 humor

283 3143 485 3224 absorptus
517 3159 537 3201 e
566 3137 669 3200 vasis
701 3139 904 3224 chyliferis
927 3141 968 3206 in
1000 3145 1209 3214 cisternam
1231 3151 1333 3224 lum,-

283 3247 419 3312 barem
440 3240 664 3326 promoveri
692 3240 767 3327 “).
1090 3283 1095 3316 ,

369 3403 445 3469 Sub
465 3403 539 3466 hoc
560 3407 689 3466 autem
708 3403 768 3468 itu
788 3382 922 3489 chylus
933 3445 944 3482 ,
962 3425 1031 3491 per
1049 3409 1236 3480 admistos
1255 3414 1331 3478 hu.

160 3499 165 3512 ’
284 3528 410 3574 mores
439 3504 679 3591 inquilinos,
709 3508 916 3590 praecipue
948 3532 1039 3582 vero
1068 3535 1136 3598 per
1164 3515 1334 3584 vitalem

285 3629 468 3676 vasorum
499 3609 712 3672 lacteorum
739 3613 777 3670 et
800 3609 1070 3700 glandularum
1102 3599 1349 3684 mesaraicas

283 3734 372 3779 rum
400 3713 663 3792 reactionem,
685 3712 865 3794 sanguini
894 3713 952 3778 ita
989 3715 1261 3797 adsimilatur,
1282 3731 1332 3790 ut

284 3817 327 3883 in
350 3816 466 3882 ductu
484 3817 683 3882 thoracico
714 3816 945 3882 animalium
966 3819 1075 3884 rubri
1097 3844 1209 3908 saepe
1239 3845 1333 3892 san·

240 3913 244 3922 ’
283 3919 414 4004 guinis
439 3918 588 4004 globuli
625 3919 881 3985 inveniantur
911 3922 979 4007 a),
1007 3943 1212 4013 omnesque
1231 3921 1333 4012 ¹ejus

280 4024 458 4090 humoris
487 4023 768 4106 proprietates,
797 4030 842 4088 ut
867 4027 985 4116 paulo
1017 4030 1193 4112 superius
1223 4031 1332 4098 vidi·

281 4143 390 4212 mus,
409 4126 591 4212 sanguini
608 4122 725 4192 rubro
747 4126 829 4194 fere
851 4131 1005 4214 penitus
1027 4134 1299 4220 respondeant.

1263 4366 1334 4432 Al·
