2912 5000
265 329 329 466 3i6
390 379 480 445 trs.
500 379 705 470 Lesalv.
727 379 786 444 Dr
812 391 966 445 snonur.
986 395 1036 446 ur
1057 395 1222 448 sucasr.

263 540 333 606 par
363 524 517 600 alvum,
538 541 605 604 per
634 523 833 586 urethram
855 522 917 584 vol
944 533 1011 604 per
1031 523 1215 608 vaginam
1240 543 1306 589 ex-

264 626 391 700 cerni,
413 631 482 688 aut
502 626 544 689 in
565 645 702 688 cavum
722 624 941 690 abdominis¹
963 623 1112 690 effundi
1133 627 1195 711 b).
1226 629 1307 693 liu·

262 747 386 792 mores
409 733 571 791 secretos
592 747 705 810 saepe
729 726 930 812 inquinari
952 727 1310 814 substantiis,quae

264 831 482 897 adsimilari
508 831 729 894 nullatenus
749 835 910 914 possunt
932 829 995 912 (ς.
1023 839 1076 912 78.
1093 834 1134 916 ),
1152 840 1309 900 nostrae

264 935 479 1002 sententiae
509 953 587 998 non
616 933 731 996 modo
760 933 862 997 nihil
889 933 1034 1009 officit,
1056 933 1190 999 veruin
1222 955 1309 1002 eam

262 1039 393 1124 potius
426 1025 580 1100 firmat}
604 1035 810 1100 ostendunt
834 1036 938 1100 anim
964 1037 1038 1100 hae
1066 1037 1308 1103 observatio*

264 1127 353 1216 nes,
372 1139 683 1203 incolumitatem
706 1138 905 1222 sanguinis
927 1159 994 1221 per
1017 1158 1161 1224 organa
1183 1161 1308 1206 secer·

261 1241 398 1312 nentia
418 1243 587 1334 serrari,
610 1260 771 1326 eumque
792 1240 949 1305 laticem
971 1242 1013 1308 in
1040 1241 1089 1306 iis
1112 1243 1306 1311 chemino·

263 1349 381 1416 vitali
402 1347 541 1429 subjici
562 1345 792 1432 operationi.

365 1473 407 1582 'll
420 1469 706 1594 Haunudrmsm.
723 1509 809 1584 phys.
825 1529 856 1586 p·
873 1510 934 1574 368·
956 1510 984 1585 §
999 1512 1029 1572 8·

282 1656 284 1665 ·
368 1643 423 1710 u)
442 1637 515 1696 insu.
531 1657 564 1714 p.
581 1637 642 1711 sss.
661 1638 692 1712 s.
707 1655 734 1708 9.
750 1666 785 1682 -
799 1639 829 1708 a)
846 1636 920 1692 ibid.
937 1638 1001 1708 e70.
1017 1666 1053 1682 -
1067 1639 1100 1708 s)
1117 1639 1191 1696 seio.
1202 1640 1308 1716 pura.

710 1813 738 1886 §a
782 1825 859 1892 352·

245 1981 565 2054 'Machanica
589 1989 931 2068 sacrationum
965 1987 1308 2059 adminicula.

356 2132 523 2196 Multum
556 2132 709 2216 quidem
741 2134 970 2198 aberrarunt
1000 2155 1025 2198 a
1053 2135 1218 2200 ueritate
1247 2138 1309 2202 Ja-

265 2235 603 2300 tromathematici
626 2236 772 2323 (§.31.),
794 2239 860 2324 qui
881 2258 1035 2302 omnem
1053 2239 1309 2306 secretionem

265 2357 285 2402 e
307 2338 454 2420 legibue
470 2339 657 2404 duntaxat
676 2341 908 2406 mechanicis
927 2361 1112 2424 exponere
1131 2342 1311 2408 niteban-

263 2448 343 2510 tur.
377 2441 415 2505 Si
433 2449 564 2517 tamen
590 2445 780 2510 fabricam
813 2446 1234 2528 spectemus‚positum
1270 2453 1309 2512 at

266 2567 404 2614 nexum
427 2565 670 2632 organorum·
697 2550 997 2626 memorantium,
1017 2553 1129 2630 plura
1155 2549 1308 2614 inveni·

266 2669 350 2716 mus
373 2648 629 2726 adminicula,
653 2671 748 2735 quea
771 2654 997 2730 mechanica
1018 2653 1168 2716 ratione
1188 2671 1308 2716 secre-

265 2755 438 2822 tionibus
459 2755 846 2840 opitulantur‚modo
866 2755 1098 2838 singillatim
1118 2756 1306 2840 perstrin·

253 2847 404 2944 ,ganda
499 2852 504 2860 ⁴

279 3057 282 3064 .
350 3009 390 3094 1)
408 3005 569 3068 Fabrice
588 3004 738 3070 diversa
771 3024 924 3070 causam
950 3002 1066 3066 simul
1101 3001 1308 3068 constituit

265 3109 498 3193 physicam,
514 3114 559 3170 ut
578 3113 700 3172 cortus
721 3109 862 3170 humor
882 3105 923 3170 in
945 3121 1089 3186 organo
1113 3110 1216 3168 corto
1236 3121 1307 3184 pa-

265 3219 383 3282 retur.
416 3217 515 3278 Haec
543 3221 673 3278 autem
705 3212 854 3278 fabrica
887 3211 928 3274 in
959 3209 1113 3292 organis
1144 3208 1310 3272 diversis

265 3315 477 3398 plurimum
506 3315 670 3392 differt,
703 3315 804 3378 unde
834 3313 988 3396 sanguis
1012 3318 1049 3376 et
1079 3311 1155 3395 ipsi
1184 3331 1228 3374 ex
1262 3329 1305 3374 eo

266 3421 397 3504 parati
427 3421 615 3486 humores
640 3421 791 3484 variam
825 3417 1073 3500 experiuntur
1103 3415 1307 3499 physicam

266 3523 518 3596 reactionem·‚
537 3522 748 3586 adhaerent
768 3520 910 3584 diutius
924 3562 935 3596 ,
949 3519 1012 3582 vel
1035 3517 1149 3580 citius
1172 3515 1306 3580 dimit·

268 3633 427 3700 tuntur,
457 3627 669 3692 redduntur
695 3619 918 3707 spissiores,
941 3627 1008 3684 aut
1038 3619 1158 3703 magis
1187 3619 1307 3704 liqui·

268 3732 543 3814 dam,veporis
558 3734 622 3794 val
636 3730 735 3794 aiirie
760 3728 956 3810 accipiunt
975 3715 1154 3791 formam.
1176 3725 1307 3807 Quan-

267 3843 398 3919 topere
427 3845 556 3900 autem
577 3835 726 3898 fabrice
744 3853 813 3898 sua
839 3828 1025 3896 differant
1056 3829 1308 3892 membranae

269 3947 492 4012 exhalantes
517 3947 554 4004 et
585 3959 788 4018 mucosae,
809 3935 1016 4018 glandulae
1041 3932 1309 4018 lymphaticos

268 4053 308 4114 at
330 4047 659 4128 conglomeratae,
681 4042 841 4125 ipsaque
870 4040 1021 4103 viscera
1048 4034 1309 4128 secernantia,

265 4151 344 4234 iam
364 4151 553 4227 vidimus,
574 4152 618 4209 ut
636 4145 729 4211 adeo
750 4151 981 4210 secretorum
1006 4127 1214 4206 humorum
1239 4160 1308 4202 va-

268 4257 426 4326 rietates
444 4277 489 4324 ax
509 4256 582 4321 hoo
604 4255 742 4320 obtutu
763 4251 984 4336 intelligere
1005 4247 1084 4331 jam
1103 4245 1306 4332 possimus.
