2956 4996
164 421 168 438 '
231 433 450 516 sanaim
465 444 639 498 erasure
659 441 803 494 aarum
823 441 1080 495 nocrurrnos.
1125 446 1191 516 aaa

229 581 431 650 Dividitur
449 579 582 663 pulmo
604 575 745 658 ¹(lenter
764 578 806 640 in
836 575 980 640 lobos
1003 579 1081 640 tres
1093 615 1104 652 ,
1125 595 1190 640 su-

142 689 335 776 periorem
347 677 541 760 ‚inedium
561 689 599 746 et
619 682 871 760 inferiorem,
893 685 1010 767 atque
1031 681 1191 750 sinister

144 797 187 860 in
211 793 301 860 duos
322 791 548 876 plurimum.
571 787 721 852 Accidit
740 787 836 850 haec
855 786 997 850 divisio
1019 803 1088 872 per
1106 793 1190 853 tex-

146 904 232 960 tum
254 893 479 957 cellulosum
499 895 537 952 et
564 889 685 972 plicas
711 909 880 968 seroces,
905 887 1050 972 duplici
1079 889 1190 972 pagi-

145 1021 199 1064 na
221 1000 459 1068 constantes,
486 1013 584 1080 quae
610 993 704 1056 satis
725 992 915 1076 profunde
943 993 985 1057 in
1015 995 1192 1061 substan·

145 1102 245 1168 tiam
265 1096 420 1163 visceris
452 1115 497 1158 se·
520 1093 765 1174 immittunt;
787 1097 878 1182 quia
906 1115 996 1160 vero
1027 1081 1192 1163 interlo-

145 1204 302 1269 buiaree
322 1201 397 1264 hae
416 1216 565 1262 serosae
582 1199 749 1282 paginae
768 1218 838 1284 ope
859 1205 985 1288 textus
1013 1200 1189 1278 cellulosi

144 1305 228 1373 laxi
245 1321 434 1368 connexae
451 1307 541 1363 sunt
552 1339 563 1374 ,
581 1301 664 1364 lobi
682 1303 912 1386 pulmonum
936 1303 1105 1368 invicem
1128 1323 1189 1368 co·

103 1475 107 1484 ,
143 1409 319 1474 haerent.
353 1394 645 1484 Compbnuntur
671 1405 898 1486 pulmonum
919 1406 1001 1468 lobi
1024 1405 1189 1490 minori·
1282 1439 1289 1458 ·

145 1502 217 1578 bus
249 1505 448 1600 lobulis
468 1545 479 1579 ‚
503 1507 584 1571 solo
620 1513 729 1572 textu
753 1491 938 1572 'celluloso
968 1509 1188 1587 distinctis,

147 1613 378 1676 membrana
409 1626 559 1687 setosa,
581 1628 678 1693 quac
706 1609 899 1692 ponticuli
930 1607 1105 1676 adinstar
1127 1612 1189 1676 in-

146 1715 320 1778 terstitia
342 1730 474 1776 eorum
501 1713 620 1796 tegit,
640 1712 836 1778 connexis.
878 1713 927 1776 Hi
949 1711 1110 1799 denique
1133 1714 1191 1777 lo-

145 1816 750 1894 ΒυῑίοοΙῙυΙὶεαὸῑοτοὶε,
778 1817 895 1902 paulo
925 1817 1090 1884 inferius
1127 1815 1190 1884 de
1219 1845 1223 1862 ·

147 1914 385 1998 scribendis,
407 1923 524 1988 densa
549 1930 587 1988 et
618 1921 757 1988 subtili
781 1921 962 1986 cellulosa
987 1921 1068 1988 tela
1098 1941 1190 1990 con·

146 2023 311 2110 junctis,
333 2027 552 2095 conflantur
575 2029 652 2112 ⁰)

230 2191 471 2254 Concurrunt
492 2187 541 2253 ad
561 2187 753 2254 fabricam
772 2186 1012 2252 substantiae
1034 2187 1191 2274 pulmo-

134 2311 243 2360 „nunr
279 2293 535 2368 cel-lulosam,
563 2295 753 2380 mollem,
786 2292 970 2378 spongiae
997 2291 1193 2372 similem,

149 2417 246 2464 vasa
284 2398 425 2472 aiis-ea,
455 2398 679 2482 sanguisera
709 2399 747 2458 et
771 2395 1045 2480 lymphatica,
1075 2402 1192 2480 atque

146 2497 283 2572 nervi,
313 2517 408 2582 quae
442 2499 521 2584 jam
552 2519 652 2564 nunc
677 2497 916 2618 singillatim
953 2495 1195 2562 considerare

150 2605 316 2682 oportet.
394 2627 399 2633 ·

852 2660 860 2694 1

122 2833 126 2844 ,
253 2770 432 2842 *)LODER
458 2771 532 2828 Τὼ.
556 2773 661 2832 tvm.
687 2769 709 2828 f.
730 2789 759 2835 ι.
782 2775 870 2830 Lxll.
887 2774 910 2839 f.
934 2789 962 2874 a.
976 2799 1011 2818 -
1030 2779 1084 2846 ¹⁸)
1109 2772 1187 2834 ibid.

216 2861 289 2918 Τὼ.
303 2859 419 2918 nxvn.
436 2859 457 2916 s.
477 2865 558 2932 1-5.

607 3065 635 3137 ς.
677 3073 750 3139 321.

210 3259 914 3364 TracheaBronclrietrami
943 3253 1127 3336 eorum.
1170 3243 1210 3310 '-

8 3457 10 3466 ι
116 3409 122 3422 “
234 3419 398 3485 Sumunt
422 3441 515 3487 vasa
545 3424 657 3488 eirea
678 3425 906 3507 pulmonum
928 3425 1119 3510 originem
1144 3445 1230 3491 ex.

149 3533 334 3606 aspera
365 3524 562 3590 arteria
594 3547 622 3590 s.
654 3529 887 3604 trachea,
911 3547 1007 3614 quae
1039 3527 1192 3594 arboris

147 3625 435 3694 ramosissimae
476 3628 601 3692 instar
629 3629 826 3694 subdivisa
846 3673 867 3720 ,Ι
887 3631 1004 3715 inque
1033 3631 1192 3710 cellulas

32 3785 34 3788 .
148 3731 283 3796 eireas
303 3737 531 3812 extenuata,
554 3731 746 3798 fabricam
764 3731 903 3798 horum
920 3733 1110 3821 viscerum
1131 3733 1195 3797 in⁸⁴

147 3839 231 3900 trat
241 3877 252 3912 ,
275 3843 313 3901 et
333 3839 586 3924 praecipuam*
603 3857 734 3902 corum
753 3844 905 3921 partem
924 3836 1061 3906 efficit.

231 3997 380 4062 Fistula
403 4019 446 4062 ea
467 3998 663 4091 spiritalis*
688 3998 827 4062 tubum
856 3999 975 4064 refert
997 3990 1187 4084 cylindri·
1230 3998 1233 4013 '

149 4119 260 4181 cum,
282 4103 349 4187 qui
369 4124 397 4166 a·
410 4105 593 4188 larynge,
613 4103 715 4168 alibi
725 4102 979 4168 'describendo
1000 4105 1188 4186 inchoat,
1211 4105 1215 4132 ”
1261 4187 1265 4196 .

147 4221 293 4292 perque
312 4206 454 4274 collum
483 4212 655 4284 medium
678 4219 715 4278 et
740 4213 942 4298 antecelli
965 4215 1189 4304 vertebras,

111 4365 114 4382 ,
146 4310 318 4376 aeterni
339 4311 514 4379 excisura
542 4299 770 4381 semilunari
796 4312 1188 4404 receptus1(§.317·)‚
1282 4343 1288 4372 ι
