<?xml version="1.0" encoding="UTF-8"?>
<!DOCTYPE html PUBLIC "-//W3C//DTD XHTML 1.0 Transitional//EN"
    "http://www.w3.org/TR/xhtml1/DTD/xhtml1-transitional.dtd">
<html xmlns="http://www.w3.org/1999/xhtml" xml:lang="en" lang="en">
 <head>
  <title>
</title>
<meta http-equiv="Content-Type" content="text/html;charset=utf-8" />
  <meta name='ocr-system' content='tesseract 3.04.00' />
  <meta name='ocr-capabilities' content='ocr_page ocr_carea ocr_par ocr_line ocrx_word'/>
</head>
<body>
  <div class='ocr_page' id='page_1' title='image "./physiologiamedi03lenhgoog_0176.png"; bbox 0 0 2922 4996; ppageno 0'>
   <div class='ocr_carea' id='block_1_1' title="bbox 183 382 1167 516">
    <p class='ocr_par' dir='ltr' id='par_1_1' title="bbox 183 382 1167 516">
     <span class='ocr_line' id='line_1_1' title="bbox 183 382 1167 516; baseline -0.008 -13"><span class='ocrx_word' id='word_1_1' title='bbox 183 475 185 482; x_wconf 93' lang='lat'>·</span> <span class='ocrx_word' id='word_1_2' title='bbox 213 382 321 504; x_wconf 72' lang='lat' dir='ltr'><strong>¹saer.</strong></span> <span class='ocrx_word' id='word_1_3' title='bbox 343 431 389 498; x_wconf 86' lang='lat'><strong>11.</strong></span> <span class='ocrx_word' id='word_1_4' title='bbox 410 432 469 516; x_wconf 76' lang='lat' dir='ltr'><strong>Da</strong></span> <span class='ocrx_word' id='word_1_5' title='bbox 490 443 606 494; x_wconf 79' lang='lat' dir='ltr'><strong>onrnr</strong></span> <span class='ocrx_word' id='word_1_6' title='bbox 626 441 804 492; x_wconf 76' lang='lat' dir='ltr'><strong>sennar.</strong></span> <span class='ocrx_word' id='word_1_7' title='bbox 823 427 862 492; x_wconf 86' lang='lat' dir='ltr'><strong>V.</strong></span> <span class='ocrx_word' id='word_1_8' title='bbox 883 423 1037 494; x_wconf 77' lang='lat' dir='ltr'><strong>curtes.</strong></span> <span class='ocrx_word' id='word_1_9' title='bbox 1107 445 1167 512; x_wconf 83' lang='lat'><strong>¹7⁹</strong></span> 
     </span>
    </p>
   </div>
   <div class='ocr_carea' id='block_1_2' title="bbox 162 553 1171 1170">
    <p class='ocr_par' dir='ltr' id='par_1_2' title="bbox 162 553 1171 1170">
     <span class='ocr_line' id='line_1_2' title="bbox 214 553 1166 654; baseline -0.011 -10"><span class='ocrx_word' id='word_1_10' title='bbox 214 580 404 644; x_wconf 80' lang='lat' dir='ltr'><strong>diameter</strong></span> <span class='ocrx_word' id='word_1_11' title='bbox 422 553 578 636; x_wconf 80' lang='lat' dir='ltr'><strong>unicam</strong></span> <span class='ocrx_word' id='word_1_12' title='bbox 610 569 754 634; x_wconf 82' lang='lat' dir='ltr'><strong>tineam</strong></span> <span class='ocrx_word' id='word_1_13' title='bbox 785 568 851 632; x_wconf 83' lang='lat' dir='ltr'><strong>vix</strong></span> <span class='ocrx_word' id='word_1_14' title='bbox 878 579 1055 654; x_wconf 85' lang='lat' dir='ltr'><strong>superet,</strong></span> <span class='ocrx_word' id='word_1_15' title='bbox 1078 589 1166 638; x_wconf 87' lang='lat' dir='ltr'><strong>cum</strong></span> 
     </span>
     <span class='ocr_line' id='line_1_3' title="bbox 210 672 1167 760; baseline -0.006 -15"><span class='ocrx_word' id='word_1_16' title='bbox 210 697 389 745; x_wconf 83' lang='lat' dir='ltr'><strong>vasorum</strong></span> <span class='ocrx_word' id='word_1_17' title='bbox 408 672 740 760; x_wconf 76' lang='lat' dir='ltr'><strong>lymphaticorum</strong></span> <span class='ocrx_word' id='word_1_18' title='bbox 763 676 800 736; x_wconf 88' lang='lat' dir='ltr'><strong>et</strong></span> <span class='ocrx_word' id='word_1_19' title='bbox 823 673 1035 739; x_wconf 82' lang='lat' dir='ltr'><strong>lecteorum</strong></span> <span class='ocrx_word' id='word_1_20' title='bbox 1055 693 1167 760; x_wconf 82' lang='lat' dir='ltr'><strong>cepa·</strong></span> 
     </span>
     <span class='ocr_line' id='line_1_4' title="bbox 210 773 1168 850; baseline -0.004 -4"><span class='ocrx_word' id='word_1_21' title='bbox 210 781 326 846; x_wconf 74' lang='lat' dir='ltr'><strong>citato</strong></span> <span class='ocrx_word' id='word_1_22' title='bbox 355 778 583 850; x_wconf 83' lang='lat' dir='ltr'><strong>contuleris,</strong></span> <span class='ocrx_word' id='word_1_23' title='bbox 610 779 762 838; x_wconf 85' lang='lat' dir='ltr'><strong>tentem</strong></span> <span class='ocrx_word' id='word_1_24' title='bbox 795 793 924 838; x_wconf 79' lang='lat' dir='ltr'><strong>cernes</strong></span> <span class='ocrx_word' id='word_1_25' title='bbox 948 773 1168 842; x_wconf 84' lang='lat' dir='ltr'><strong>differenti-</strong></span> 
     </span>
     <span class='ocr_line' id='line_1_5' title="bbox 162 859 1169 960; baseline 0.002 -16"><span class='ocrx_word' id='word_1_26' title='bbox 162 936 166 944; x_wconf 87' lang='lat'><em>.</em></span> <span class='ocrx_word' id='word_1_27' title='bbox 211 905 306 959; x_wconf 65' lang='lat' dir='ltr'><strong>ems</strong></span> <span class='ocrx_word' id='word_1_28' title='bbox 321 888 365 946; x_wconf 93' lang='lat' dir='ltr'><strong>ut</strong></span> <span class='ocrx_word' id='word_1_29' title='bbox 387 901 474 944; x_wconf 89' lang='lat' dir='ltr'><strong>eum</strong></span> <span class='ocrx_word' id='word_1_30' title='bbox 496 879 652 944; x_wconf 88' lang='lat' dir='ltr'><strong>ductum</strong></span> <span class='ocrx_word' id='word_1_31' title='bbox 673 895 741 960; x_wconf 83' lang='lat' dir='ltr'><strong>pro</strong></span> <span class='ocrx_word' id='word_1_32' title='bbox 762 877 972 960; x_wconf 85' lang='lat' dir='ltr'><strong>principali</strong></span> <span class='ocrx_word' id='word_1_33' title='bbox 993 859 1169 946; x_wconf 78' lang='lat' dir='ltr'><strong>omnium</strong></span> 
     </span>
     <span class='ocr_line' id='line_1_6' title="bbox 213 981 1171 1067; baseline -0.001 -13"><span class='ocrx_word' id='word_1_34' title='bbox 213 991 334 1054; x_wconf 86' lang='lat' dir='ltr'><strong>totius</strong></span> <span class='ocrx_word' id='word_1_35' title='bbox 356 983 525 1067; x_wconf 87' lang='lat' dir='ltr'><strong>corporis</strong></span> <span class='ocrx_word' id='word_1_36' title='bbox 550 981 728 1046; x_wconf 88' lang='lat' dir='ltr'><strong>vasorum</strong></span> <span class='ocrx_word' id='word_1_37' title='bbox 749 982 1045 1049; x_wconf 87' lang='lat' dir='ltr'><strong>absorbentium·</strong></span> <span class='ocrx_word' id='word_1_38' title='bbox 1062 993 1171 1054; x_wconf 81' lang='lat' dir='ltr'><strong>trun·</strong></span> 
     </span>
     <span class='ocr_line' id='line_1_7' title="bbox 216 1083 765 1170; baseline -0.016 -12"><span class='ocrx_word' id='word_1_39' title='bbox 216 1113 259 1157; x_wconf 89' lang='lat' dir='ltr'><strong>co</strong></span> <span class='ocrx_word' id='word_1_40' title='bbox 282 1093 422 1157; x_wconf 82' lang='lat' dir='ltr'><strong>hebere</strong></span> <span class='ocrx_word' id='word_1_41' title='bbox 444 1087 548 1152; x_wconf 78' lang='lat' dir='ltr'><strong>haud</strong></span> <span class='ocrx_word' id='word_1_42' title='bbox 570 1083 765 1170; x_wconf 77' lang='lat' dir='ltr'><strong>possiet).</strong></span> 
     </span>
    </p>
   </div>
   <div class='ocr_carea' id='block_1_3' title="bbox 172 1223 1177 1830">
    <p class='ocr_par' dir='ltr' id='par_1_3' title="bbox 208 1223 1173 1523">
     <span class='ocr_line' id='line_1_8' title="bbox 257 1223 1173 1324; baseline -0.015 -26"><span class='ocrx_word' id='word_1_43' title='bbox 257 1237 299 1321; x_wconf 83' lang='lat'><strong>2)</strong></span> <span class='ocrx_word' id='word_1_44' title='bbox 319 1231 531 1298; x_wconf 79' lang='lat' dir='ltr'><strong>Ostendant</strong></span> <span class='ocrx_word' id='word_1_45' title='bbox 551 1223 787 1324; x_wconf 83' lang='lat' dir='ltr'><strong>iniectiones,</strong></span> <span class='ocrx_word' id='word_1_46' title='bbox 800 1231 843 1291; x_wconf 93' lang='lat' dir='ltr'><strong>ut</strong></span> <span class='ocrx_word' id='word_1_47' title='bbox 861 1229 968 1314; x_wconf 59' lang='lat' dir='ltr'><strong>Caetr-</strong></span> <span class='ocrx_word' id='word_1_48' title='bbox 987 1231 1173 1298; x_wconf 76' lang='lat' dir='ltr'><strong>Bnurno.</strong></span> 
     </span>
     <span class='ocr_line' id='line_1_9' title="bbox 218 1329 1173 1418; baseline -0.008 -16"><span class='ocrx_word' id='word_1_49' title='bbox 218 1351 330 1402; x_wconf 74' lang='lat' dir='ltr'><strong>srvos</strong></span> <span class='ocrx_word' id='word_1_50' title='bbox 352 1376 361 1410; x_wconf 93' lang='lat'><strong>,</strong></span> <span class='ocrx_word' id='word_1_51' title='bbox 386 1329 626 1396; x_wconf 73' lang='lat' dir='ltr'><strong>normensis</strong></span> <span class='ocrx_word' id='word_1_52' title='bbox 648 1369 658 1404; x_wconf 91' lang='lat'>‚</span> <span class='ocrx_word' id='word_1_53' title='bbox 683 1330 926 1405; x_wconf 75' lang='lat' dir='ltr'>COWPBRUS,</span> <span class='ocrx_word' id='word_1_54' title='bbox 949 1335 1043 1418; x_wconf 82' lang='lat' dir='ltr'><strong>Aug.</strong></span> <span class='ocrx_word' id='word_1_55' title='bbox 1070 1333 1173 1400; x_wconf 74' lang='lat' dir='ltr'><strong>Frid.</strong></span> 
     </span>
     <span class='ocr_line' id='line_1_10' title="bbox 208 1425 1173 1523; baseline -0.006 -18"><span class='ocrx_word' id='word_1_56' title='bbox 208 1425 447 1509; x_wconf 56' lang='lat' dir='ltr'><strong>&#39;Wanrnnffi</strong></span> <span class='ocrx_word' id='word_1_57' title='bbox 474 1433 677 1496; x_wconf 77' lang='lat' dir='ltr'><strong>Hsrssavs</strong></span> <span class='ocrx_word' id='word_1_58' title='bbox 709 1437 779 1494; x_wconf 86' lang='lat' dir='ltr'><strong>etc.</strong></span> <span class='ocrx_word' id='word_1_59' title='bbox 806 1433 953 1515; x_wconf 84' lang='lat' dir='ltr'><strong>experti</strong></span> <span class='ocrx_word' id='word_1_60' title='bbox 982 1442 1073 1500; x_wconf 87' lang='lat' dir='ltr'><strong>sunt</strong></span> <span class='ocrx_word' id='word_1_61' title='bbox 1103 1443 1173 1523; x_wconf 80' lang='lat' dir='ltr'><strong>g),</strong></span> 
     </span>
    </p>

    <p class='ocr_par' dir='ltr' id='par_1_4' title="bbox 172 1535 1177 1830">
     <span class='ocr_line' id='line_1_11' title="bbox 172 1535 1176 1626; baseline -0.004 -16"><span class='ocrx_word' id='word_1_62' title='bbox 172 1537 175 1542; x_wconf 65' lang='grc'><strong>’</strong></span> <span class='ocrx_word' id='word_1_63' title='bbox 220 1551 258 1609; x_wconf 92' lang='lat' dir='ltr'><strong>et</strong></span> <span class='ocrx_word' id='word_1_64' title='bbox 278 1541 436 1626; x_wconf 88' lang='lat' dir='ltr'><strong>propria</strong></span> <span class='ocrx_word' id='word_1_65' title='bbox 450 1537 568 1602; x_wconf 88' lang='lat' dir='ltr'><strong>etiarn</strong></span> <span class='ocrx_word' id='word_1_66' title='bbox 591 1535 796 1600; x_wconf 83' lang='lat' dir='ltr'><strong>didicimus</strong></span> <span class='ocrx_word' id='word_1_67' title='bbox 817 1537 1076 1622; x_wconf 83' lang='lat' dir='ltr'><strong>experientia,</strong></span> <span class='ocrx_word' id='word_1_68' title='bbox 1092 1561 1176 1606; x_wconf 87' lang='lat' dir='ltr'><strong>ma·</strong></span> 
     </span>
     <span class='ocr_line' id='line_1_12' title="bbox 218 1639 1177 1724; baseline 0.003 -15"><span class='ocrx_word' id='word_1_69' title='bbox 218 1642 402 1712; x_wconf 69' lang='lat' dir='ltr'><strong>nitentem</strong></span> <span class='ocrx_word' id='word_1_70' title='bbox 434 1643 595 1706; x_wconf 83' lang='lat' dir='ltr'><strong>existere</strong></span> <span class='ocrx_word' id='word_1_71' title='bbox 631 1639 731 1704; x_wconf 81' lang='lat' dir='ltr'><strong>inter</strong></span> <span class='ocrx_word' id='word_1_72' title='bbox 763 1645 936 1724; x_wconf 83' lang='lat' dir='ltr'><strong>systema</strong></span> <span class='ocrx_word' id='word_1_73' title='bbox 967 1645 1177 1712; x_wconf 83' lang='lat' dir='ltr'><strong>absorbens</strong></span> 
     </span>
     <span class='ocr_line' id='line_1_13' title="bbox 221 1741 891 1830; baseline -0.01 -15"><span class='ocrx_word' id='word_1_74' title='bbox 221 1755 260 1815; x_wconf 88' lang='lat' dir='ltr'><strong>et</strong></span> <span class='ocrx_word' id='word_1_75' title='bbox 280 1745 544 1830; x_wconf 81' lang='lat' dir='ltr'><strong>sanguiterum</strong></span> <span class='ocrx_word' id='word_1_76' title='bbox 566 1741 891 1810; x_wconf 81' lang='lat' dir='ltr'><strong>communionem.</strong></span> 
     </span>
    </p>
   </div>
   <div class='ocr_carea' id='block_1_4' title="bbox 147 1888 1233 3008">
    <p class='ocr_par' dir='ltr' id='par_1_5' title="bbox 147 1888 1233 3008">
     <span class='ocr_line' id='line_1_14' title="bbox 147 1888 1183 1982; baseline 0.004 -32"><span class='ocrx_word' id='word_1_77' title='bbox 147 1935 155 1950; x_wconf 83' lang='lat'><strong><em>.</em></strong></span> <span class='ocrx_word' id='word_1_78' title='bbox 264 1893 307 1982; x_wconf 79' lang='lat'><strong>3)</strong></span> <span class='ocrx_word' id='word_1_79' title='bbox 330 1888 529 1956; x_wconf 83' lang='lat' dir='ltr'><strong>Differunt</strong></span> <span class='ocrx_word' id='word_1_80' title='bbox 555 1907 674 1952; x_wconf 88' lang='lat' dir='ltr'><strong>venae</strong></span> <span class='ocrx_word' id='word_1_81' title='bbox 697 1889 744 1952; x_wconf 85' lang='lat' dir='ltr'><strong>ab</strong></span> <span class='ocrx_word' id='word_1_82' title='bbox 766 1888 922 1954; x_wconf 78' lang='lat' dir='ltr'><strong>arteriis</strong></span> <span class='ocrx_word' id='word_1_83' title='bbox 953 1909 1112 1956; x_wconf 87' lang='lat' dir='ltr'><strong>numero</strong></span> <span class='ocrx_word' id='word_1_84' title='bbox 1144 1895 1183 1954; x_wconf 93' lang='lat' dir='ltr'><strong>et</strong></span> 
     </span>
     <span class='ocr_line' id='line_1_15' title="bbox 226 1989 1184 2078; baseline -0.004 -18"><span class='ocrx_word' id='word_1_85' title='bbox 226 1993 487 2078; x_wconf 87' lang='lat' dir='ltr'><strong>amplitudine</strong></span> <span class='ocrx_word' id='word_1_86' title='bbox 526 1992 606 2068; x_wconf 86' lang='lat' dir='ltr'><strong>ite,</strong></span> <span class='ocrx_word' id='word_1_87' title='bbox 635 1995 679 2053; x_wconf 88' lang='lat' dir='ltr'><strong>ut</strong></span> <span class='ocrx_word' id='word_1_88' title='bbox 715 1991 909 2074; x_wconf 82' lang='lat' dir='ltr'><strong>capacitas</strong></span> <span class='ocrx_word' id='word_1_89' title='bbox 945 1989 1103 2056; x_wconf 85' lang='lat' dir='ltr'><strong>illerum</strong></span> <span class='ocrx_word' id='word_1_90' title='bbox 1135 1991 1184 2056; x_wconf 88' lang='lat' dir='ltr'><strong>ed</strong></span> 
     </span>
     <span class='ocr_line' id='line_1_16' title="bbox 229 2093 1185 2184; baseline -0.005 -19"><span class='ocrx_word' id='word_1_91' title='bbox 229 2103 326 2165; x_wconf 83' lang='lat' dir='ltr'><strong>istas</strong></span> <span class='ocrx_word' id='word_1_92' title='bbox 350 2097 504 2163; x_wconf 88' lang='lat' dir='ltr'><strong>circiter</strong></span> <span class='ocrx_word' id='word_1_93' title='bbox 528 2116 566 2158; x_wconf 85' lang='lat' dir='ltr'><strong>se</strong></span> <span class='ocrx_word' id='word_1_94' title='bbox 586 2095 731 2184; x_wconf 77' lang='lat' dir='ltr'><strong>hebent</strong></span> <span class='ocrx_word' id='word_1_95' title='bbox 760 2101 804 2158; x_wconf 93' lang='lat' dir='ltr'><strong>ut</strong></span> <span class='ocrx_word' id='word_1_96' title='bbox 826 2113 845 2177; x_wconf 83' lang='lat'>9</span> <span class='ocrx_word' id='word_1_97' title='bbox 872 2093 920 2158; x_wconf 87' lang='lat' dir='ltr'><strong>ed</strong></span> <span class='ocrx_word' id='word_1_98' title='bbox 940 2109 962 2173; x_wconf 79' lang='grc'>4</span> <span class='ocrx_word' id='word_1_99' title='bbox 982 2093 1045 2178; x_wconf 66' lang='grc' dir='ltr'><strong>(ς.</strong></span> <span class='ocrx_word' id='word_1_100' title='bbox 1068 2105 1137 2180; x_wconf 84' lang='lat'>158.</span> <span class='ocrx_word' id='word_1_101' title='bbox 1154 2098 1185 2181; x_wconf 86' lang='lat'><strong>).</strong></span> 
     </span>
     <span class='ocr_line' id='line_1_17' title="bbox 231 2193 1187 2286; baseline -0.003 -20"><span class='ocrx_word' id='word_1_102' title='bbox 231 2205 355 2286; x_wconf 82' lang='lat' dir='ltr'><strong>Quare</strong></span> <span class='ocrx_word' id='word_1_103' title='bbox 377 2206 507 2264; x_wconf 86' lang='lat' dir='ltr'><strong>eutem</strong></span> <span class='ocrx_word' id='word_1_104' title='bbox 536 2197 628 2261; x_wconf 85' lang='lat' dir='ltr'><strong>haec</strong></span> <span class='ocrx_word' id='word_1_105' title='bbox 656 2203 713 2261; x_wconf 89' lang='lat' dir='ltr'><strong>est</strong></span> <span class='ocrx_word' id='word_1_106' title='bbox 741 2193 983 2280; x_wconf 78' lang='lat' dir='ltr'><strong>differentia,</strong></span> <span class='ocrx_word' id='word_1_107' title='bbox 1004 2201 1038 2264; x_wconf 91' lang='lat' dir='ltr'><strong>si</strong></span> <span class='ocrx_word' id='word_1_108' title='bbox 1068 2222 1187 2265; x_wconf 80' lang='lat' dir='ltr'><strong>venae</strong></span> 
     </span>
     <span class='ocr_line' id='line_1_18' title="bbox 216 2301 1189 2392; baseline -0.003 -22"><span class='ocrx_word' id='word_1_109' title='bbox 216 2325 319 2392; x_wconf 43' lang='lat' dir='ltr'><strong>,eum</strong></span> <span class='ocrx_word' id='word_1_110' title='bbox 352 2309 505 2366; x_wconf 86' lang='lat' dir='ltr'><strong>tantum</strong></span> <span class='ocrx_word' id='word_1_111' title='bbox 535 2301 763 2375; x_wconf 88' lang='lat' dir='ltr'><strong>humorem,</strong></span> <span class='ocrx_word' id='word_1_112' title='bbox 796 2301 861 2384; x_wconf 90' lang='lat' dir='ltr'><strong>qui</strong></span> <span class='ocrx_word' id='word_1_113' title='bbox 893 2301 943 2364; x_wconf 85' lang='lat' dir='ltr'><strong>iis</strong></span> <span class='ocrx_word' id='word_1_114' title='bbox 972 2302 1019 2364; x_wconf 90' lang='lat' dir='ltr'><strong>ab</strong></span> <span class='ocrx_word' id='word_1_115' title='bbox 1051 2303 1189 2368; x_wconf 88' lang='lat' dir='ltr'><strong>arteri-</strong></span> 
     </span>
     <span class='ocr_line' id='line_1_19' title="bbox 168 2402 1188 2478; baseline -0.003 -4"><span class='ocrx_word' id='word_1_116' title='bbox 168 2443 171 2450; x_wconf 93' lang='lat'>·</span> <span class='ocrx_word' id='word_1_117' title='bbox 231 2427 341 2474; x_wconf 85' lang='lat' dir='ltr'><strong>erum</strong></span> <span class='ocrx_word' id='word_1_118' title='bbox 360 2403 527 2470; x_wconf 79' lang='lat' dir='ltr'><strong>traditur</strong></span> <span class='ocrx_word' id='word_1_119' title='bbox 548 2402 693 2466; x_wconf 87' lang='lat' dir='ltr'><strong>finibus</strong></span> <span class='ocrx_word' id='word_1_120' title='bbox 705 2443 716 2478; x_wconf 92' lang='lat'><em>‚</em></span> <span class='ocrx_word' id='word_1_121' title='bbox 738 2402 998 2466; x_wconf 80' lang='lat' dir='ltr'><strong>revehendum</strong></span> <span class='ocrx_word' id='word_1_122' title='bbox 1017 2404 1188 2470; x_wconf 79' lang='lat' dir='ltr'><strong>hebent?</strong></span> 
     </span>
     <span class='ocr_line' id='line_1_20' title="bbox 231 2505 1190 2592; baseline 0 -19"><span class='ocrx_word' id='word_1_123' title='bbox 231 2507 490 2574; x_wconf 78' lang='lat' dir='ltr'><strong>concessimus</strong></span> <span class='ocrx_word' id='word_1_124' title='bbox 524 2505 710 2592; x_wconf 88' lang='lat' dir='ltr'><strong>quidem,</strong></span> <span class='ocrx_word' id='word_1_125' title='bbox 736 2506 967 2590; x_wconf 78' lang='lat' dir='ltr'><strong>sanguinem</strong></span> <span class='ocrx_word' id='word_1_126' title='bbox 1001 2527 1190 2573; x_wconf 89' lang='lat' dir='ltr'><strong>venosum</strong></span> 
     </span>
     <span class='ocr_line' id='line_1_21' title="bbox 232 2593 1191 2698; baseline 0 -22"><span class='ocrx_word' id='word_1_127' title='bbox 232 2593 475 2696; x_wconf 79' lang='lat' dir='ltr'><strong>phlogisticis</strong></span> <span class='ocrx_word' id='word_1_128' title='bbox 504 2606 727 2698; x_wconf 83' lang='lat' dir='ltr'><strong>abundare,</strong></span> <span class='ocrx_word' id='word_1_129' title='bbox 750 2614 789 2672; x_wconf 92' lang='lat' dir='ltr'><strong>et</strong></span> <span class='ocrx_word' id='word_1_130' title='bbox 820 2609 1011 2674; x_wconf 85' lang='lat' dir='ltr'><strong>minorem</strong></span> <span class='ocrx_word' id='word_1_131' title='bbox 1046 2613 1191 2678; x_wconf 88' lang='lat' dir='ltr'><strong>habere</strong></span> 
     </span>
     <span class='ocr_line' id='line_1_22' title="bbox 235 2709 1191 2795; baseline 0.001 -17"><span class='ocrx_word' id='word_1_132' title='bbox 235 2714 373 2778; x_wconf 88' lang='lat' dir='ltr'><strong>caloris</strong></span> <span class='ocrx_word' id='word_1_133' title='bbox 397 2710 678 2794; x_wconf 70' lang='lat' dir='ltr'><strong>capacitatem,</strong></span> <span class='ocrx_word' id='word_1_134' title='bbox 697 2709 866 2795; x_wconf 76' lang='lat' dir='ltr'><strong>adeoque</strong></span> <span class='ocrx_word' id='word_1_135' title='bbox 885 2713 1007 2794; x_wconf 83' lang='lat' dir='ltr'><strong>magis</strong></span> <span class='ocrx_word' id='word_1_136' title='bbox 1030 2734 1108 2778; x_wconf 87' lang='lat' dir='ltr'><strong>esse</strong></span> <span class='ocrx_word' id='word_1_137' title='bbox 1128 2721 1191 2779; x_wconf 82' lang='lat' dir='ltr'><strong>ex-</strong></span> 
     </span>
     <span class='ocr_line' id='line_1_23' title="bbox 233 2800 1191 2902; baseline 0.003 -22"><span class='ocrx_word' id='word_1_138' title='bbox 233 2800 396 2902; x_wconf 59' lang='lat' dir='ltr'><strong>nansum</strong></span> <span class='ocrx_word' id='word_1_139' title='bbox 425 2834 539 2900; x_wconf 87' lang='lat' dir='ltr'><strong>quam</strong></span> <span class='ocrx_word' id='word_1_140' title='bbox 570 2813 827 2893; x_wconf 85' lang='lat' dir='ltr'><strong>arteriosum,</strong></span> <span class='ocrx_word' id='word_1_141' title='bbox 849 2815 915 2900; x_wconf 91' lang='lat' dir='ltr'><strong>qui</strong></span> <span class='ocrx_word' id='word_1_142' title='bbox 951 2819 1191 2884; x_wconf 88' lang='lat' dir='ltr'><strong>contractivo</strong></span> 
     </span>
     <span class='ocr_line' id='line_1_24' title="bbox 238 2917 1233 3008; baseline -0.001 -23"><span class='ocrx_word' id='word_1_143' title='bbox 238 2920 380 3008; x_wconf 76' lang='lat' dir='ltr'><strong>gaudet</strong></span> <span class='ocrx_word' id='word_1_144' title='bbox 412 2918 623 3002; x_wconf 78' lang='lat' dir='ltr'><strong>oxygonio,</strong></span> <span class='ocrx_word' id='word_1_145' title='bbox 645 2917 840 2992; x_wconf 22' lang='lat' dir='ltr'><strong>etiminus</strong></span> <span class='ocrx_word' id='word_1_146' title='bbox 875 2919 993 2982; x_wconf 86' lang='lat' dir='ltr'><strong>etiam</strong></span> <span class='ocrx_word' id='word_1_147' title='bbox 1025 2921 1122 2984; x_wconf 87' lang='lat' dir='ltr'><strong>celet</strong></span> <span class='ocrx_word' id='word_1_148' title='bbox 1141 2921 1194 3002; x_wconf 75' lang='grc' dir='ltr'><strong>(ς.</strong></span> <span class='ocrx_word' id='word_1_149' title='bbox 1228 2925 1233 2938; x_wconf 82' lang='grc'><strong>“</strong></span> 
     </span>
    </p>
   </div>
   <div class='ocr_carea' id='block_1_5' title="bbox 240 3015 1299 3109">
    <p class='ocr_par' dir='ltr' id='par_1_6' title="bbox 240 3015 1299 3109">
     <span class='ocr_line' id='line_1_25' title="bbox 240 3015 1299 3109; baseline -0.003 -19"><span class='ocrx_word' id='word_1_150' title='bbox 240 3027 338 3109; x_wconf 88' lang='lat'><strong>110.)</strong></span> <span class='ocrx_word' id='word_1_151' title='bbox 361 3041 533 3086; x_wconf 82' lang='lat' dir='ltr'><strong>:verum</strong></span> <span class='ocrx_word' id='word_1_152' title='bbox 563 3021 656 3082; x_wconf 82' lang='lat' dir='ltr'><strong>haec</strong></span> <span class='ocrx_word' id='word_1_153' title='bbox 690 3015 914 3084; x_wconf 86' lang='lat' dir='ltr'><strong>differentia</strong></span> <span class='ocrx_word' id='word_1_154' title='bbox 946 3025 1057 3086; x_wconf 87' lang='lat' dir='ltr'><strong>tanta</strong></span> <span class='ocrx_word' id='word_1_155' title='bbox 1086 3022 1194 3088; x_wconf 85' lang='lat' dir='ltr'><strong>heud</strong></span> <span class='ocrx_word' id='word_1_156' title='bbox 1296 3079 1299 3087; x_wconf 93' lang='lat'>.</span> 
     </span>
    </p>
   </div>
   <div class='ocr_carea' id='block_1_6' title="bbox 223 3117 1223 3940">
    <p class='ocr_par' dir='ltr' id='par_1_7' title="bbox 223 3117 1223 3940">
     <span class='ocr_line' id='line_1_26' title="bbox 236 3117 1194 3211; baseline 0.001 -20"><span class='ocrx_word' id='word_1_157' title='bbox 236 3126 313 3201; x_wconf 75' lang='lat' dir='ltr'><strong>est&#39;,</strong></span> <span class='ocrx_word' id='word_1_158' title='bbox 337 3117 381 3189; x_wconf 80' lang='lat' dir='ltr'><strong>ut</strong></span> <span class='ocrx_word' id='word_1_159' title='bbox 401 3127 541 3188; x_wconf 92' lang='lat' dir='ltr'><strong>humor</strong></span> <span class='ocrx_word' id='word_1_160' title='bbox 573 3141 732 3188; x_wconf 86' lang='lat' dir='ltr'><strong>venosus</strong></span> <span class='ocrx_word' id='word_1_161' title='bbox 759 3122 877 3205; x_wconf 86' lang='lat' dir='ltr'><strong>duplo</strong></span> <span class='ocrx_word' id='word_1_162' title='bbox 908 3124 1032 3211; x_wconf 84' lang='lat' dir='ltr'><strong>majus</strong></span> <span class='ocrx_word' id='word_1_163' title='bbox 1064 3127 1194 3211; x_wconf 75' lang='lat' dir='ltr'><strong>exigat</strong></span> 
     </span>
     <span class='ocr_line' id='line_1_27' title="bbox 236 3229 1196 3315; baseline 0.002 -16"><span class='ocrx_word' id='word_1_164' title='bbox 236 3232 417 3315; x_wconf 82' lang='lat' dir='ltr'><strong>spatium.</strong></span> <span class='ocrx_word' id='word_1_165' title='bbox 449 3233 514 3312; x_wconf 69' lang='lat' dir='ltr'><strong>iiis</strong></span> <span class='ocrx_word' id='word_1_166' title='bbox 538 3229 662 3294; x_wconf 76' lang='lat' dir='ltr'><strong>adhuc</strong></span> <span class='ocrx_word' id='word_1_167' title='bbox 699 3231 870 3310; x_wconf 88' lang='lat' dir='ltr'><strong>accedit,</strong></span> <span class='ocrx_word' id='word_1_168' title='bbox 894 3232 994 3315; x_wconf 90' lang='lat' dir='ltr'><strong>quod</strong></span> <span class='ocrx_word' id='word_1_169' title='bbox 1015 3233 1196 3300; x_wconf 84' lang='lat' dir='ltr'><strong>erteriosi</strong></span> 
     </span>
     <span class='ocr_line' id='line_1_28' title="bbox 223 3333 1223 3425; baseline 0.002 -25"><span class='ocrx_word' id='word_1_170' title='bbox 223 3333 431 3425; x_wconf 27' lang='lat' dir='ltr'><strong>&#39;sanguinis</strong></span> <span class='ocrx_word' id='word_1_171' title='bbox 451 3333 614 3416; x_wconf 86' lang='lat' dir='ltr'><strong>insignis</strong></span> <span class='ocrx_word' id='word_1_172' title='bbox 635 3334 745 3415; x_wconf 83' lang='lat' dir='ltr'><strong>copie</strong></span> <span class='ocrx_word' id='word_1_173' title='bbox 764 3333 805 3398; x_wconf 91' lang='lat' dir='ltr'><strong>in</strong></span> <span class='ocrx_word' id='word_1_174' title='bbox 824 3334 1048 3400; x_wconf 74' lang='lat' dir='ltr'><strong>formandas</strong></span> <span class='ocrx_word' id='word_1_175' title='bbox 1068 3342 1106 3401; x_wconf 88' lang='lat' dir='ltr'><strong>et</strong></span> <span class='ocrx_word' id='word_1_176' title='bbox 1124 3357 1195 3402; x_wconf 84' lang='lat' dir='ltr'><strong>nu·</strong></span> <span class='ocrx_word' id='word_1_177' title='bbox 1220 3387 1223 3394; x_wconf 87' lang='lat'><em>.</em></span> 
     </span>
     <span class='ocr_line' id='line_1_29' title="bbox 238 3423 1195 3522; baseline 0.003 -18"><span class='ocrx_word' id='word_1_178' title='bbox 238 3439 410 3506; x_wconf 87' lang='lat' dir='ltr'><strong>triendes</strong></span> <span class='ocrx_word' id='word_1_179' title='bbox 447 3443 608 3520; x_wconf 85' lang='lat' dir='ltr'><strong>partes,</strong></span> <span class='ocrx_word' id='word_1_180' title='bbox 643 3423 759 3522; x_wconf 86' lang='lat' dir='ltr'><strong>inque</strong></span> <span class='ocrx_word' id='word_1_181' title='bbox 801 3427 1027 3503; x_wconf 72' lang='lat' dir='ltr'><strong>sacrationes</strong></span> <span class='ocrx_word' id='word_1_182' title='bbox 1065 3443 1195 3508; x_wconf 84' lang='lat' dir='ltr'><strong>varias</strong></span> 
     </span>
     <span class='ocr_line' id='line_1_30' title="bbox 238 3539 1196 3628; baseline 0.003 -18"><span class='ocrx_word' id='word_1_183' title='bbox 238 3543 511 3628; x_wconf 86' lang='lat' dir='ltr'><strong>impendatur,</strong></span> <span class='ocrx_word' id='word_1_184' title='bbox 530 3542 630 3627; x_wconf 88' lang='lat' dir='ltr'><strong>unde</strong></span> <span class='ocrx_word' id='word_1_185' title='bbox 655 3539 804 3608; x_wconf 88' lang='lat' dir='ltr'><strong>credere</strong></span> <span class='ocrx_word' id='word_1_186' title='bbox 821 3544 977 3608; x_wconf 88' lang='lat' dir='ltr'><strong>omnino</strong></span> <span class='ocrx_word' id='word_1_187' title='bbox 1002 3545 1196 3624; x_wconf 85' lang='lat' dir='ltr'><strong>debemus,</strong></span> 
     </span>
     <span class='ocr_line' id='line_1_31' title="bbox 237 3645 1197 3726; baseline 0 -11"><span class='ocrx_word' id='word_1_188' title='bbox 237 3671 355 3716; x_wconf 86' lang='lat' dir='ltr'><strong>venas</strong></span> <span class='ocrx_word' id='word_1_189' title='bbox 382 3649 583 3712; x_wconf 89' lang='lat' dir='ltr'><strong>humorem</strong></span> <span class='ocrx_word' id='word_1_190' title='bbox 616 3648 795 3712; x_wconf 87' lang='lat' dir='ltr'><strong>revehere</strong></span> <span class='ocrx_word' id='word_1_191' title='bbox 830 3665 908 3712; x_wconf 89' lang='lat' dir='ltr'><strong>non</strong></span> <span class='ocrx_word' id='word_1_192' title='bbox 939 3645 1054 3714; x_wconf 87' lang='lat' dir='ltr'><strong>modo</strong></span> <span class='ocrx_word' id='word_1_193' title='bbox 1088 3671 1197 3726; x_wconf 88' lang='lat' dir='ltr'><strong>eum,</strong></span> 
     </span>
     <span class='ocr_line' id='line_1_32' title="bbox 239 3750 1197 3838; baseline 0.003 -23"><span class='ocrx_word' id='word_1_194' title='bbox 239 3773 352 3838; x_wconf 89' lang='lat' dir='ltr'><strong>quem</strong></span> <span class='ocrx_word' id='word_1_195' title='bbox 384 3750 548 3832; x_wconf 69' lang='lat' dir='ltr'><strong>arteriae</strong></span> <span class='ocrx_word' id='word_1_196' title='bbox 576 3751 625 3814; x_wconf 90' lang='lat' dir='ltr'><strong>iis</strong></span> <span class='ocrx_word' id='word_1_197' title='bbox 650 3750 842 3825; x_wconf 83' lang='lat' dir='ltr'><strong>tradunt‚·</strong></span> <span class='ocrx_word' id='word_1_198' title='bbox 867 3769 1001 3816; x_wconf 84' lang='lat' dir='ltr'><strong>verum</strong></span> <span class='ocrx_word' id='word_1_199' title='bbox 1032 3757 1070 3816; x_wconf 90' lang='lat' dir='ltr'><strong>et</strong></span> <span class='ocrx_word' id='word_1_200' title='bbox 1099 3753 1197 3818; x_wconf 80' lang='lat' dir='ltr'><strong>alias</strong></span> 
     </span>
     <span class='ocr_line' id='line_1_33' title="bbox 238 3850 1210 3940; baseline 0 -22"><span class='ocrx_word' id='word_1_201' title='bbox 238 3855 397 3920; x_wconf 85' lang='lat' dir='ltr'><strong>existere</strong></span> <span class='ocrx_word' id='word_1_202' title='bbox 429 3853 564 3916; x_wconf 84' lang='lat' dir='ltr'><strong>debere</strong></span> <span class='ocrx_word' id='word_1_203' title='bbox 592 3850 724 3920; x_wconf 88' lang='lat' dir='ltr'><strong>venosi</strong></span> <span class='ocrx_word' id='word_1_204' title='bbox 754 3851 952 3936; x_wconf 81' lang='lat' dir='ltr'><strong>sanguinis</strong></span> <span class='ocrx_word' id='word_1_205' title='bbox 989 3852 1210 3940; x_wconf 78' lang='lat' dir='ltr'><strong>scaturigi-¹</strong></span> 
     </span>
    </p>
   </div>
   <div class='ocr_carea' id='block_1_7' title="bbox 134 3975 320 4033">
    <p class='ocr_par' dir='ltr' id='par_1_8' title="bbox 134 3975 320 4033">
     <span class='ocr_line' id='line_1_34' title="bbox 134 3975 320 4033; baseline 0.005 -11"><span class='ocrx_word' id='word_1_206' title='bbox 134 3975 139 3982; x_wconf 85' lang='lat'><em>·</em></span> <span class='ocrx_word' id='word_1_207' title='bbox 241 3980 320 4033; x_wconf 80' lang='lat' dir='ltr'><strong>nes.</strong></span> 
     </span>
    </p>
   </div>
   <div class='ocr_carea' id='block_1_8' title="bbox 276 4092 1299 4185">
    <p class='ocr_par' dir='ltr' id='par_1_9' title="bbox 276 4092 1299 4185">
     <span class='ocr_line' id='line_1_35' title="bbox 276 4092 1299 4185; baseline 0.002 -25"><span class='ocrx_word' id='word_1_208' title='bbox 276 4100 319 4176; x_wconf 72' lang='lat' dir='ltr'><strong>n)</strong></span> <span class='ocrx_word' id='word_1_209' title='bbox 343 4096 572 4162; x_wconf 85' lang='lat' dir='ltr'><strong>Observavit</strong></span> <span class='ocrx_word' id='word_1_210' title='bbox 602 4097 750 4162; x_wconf 83' lang='lat' dir='ltr'><strong>Kaauw</strong></span> <span class='ocrx_word' id='word_1_211' title='bbox 768 4092 1036 4170; x_wconf 75' lang='lat' dir='ltr'><strong>Boernssve,</strong></span> <span class='ocrx_word' id='word_1_212' title='bbox 1057 4111 1198 4185; x_wconf 70' lang='lat' dir='ltr'><strong>equam</strong></span> <span class='ocrx_word' id='word_1_213' title='bbox 1294 4153 1299 4162; x_wconf 88' lang='lat'><em>.</em></span> 
     </span>
    </p>
   </div>
   <div class='ocr_carea' id='block_1_9' title="bbox 236 4199 1200 4482">
    <p class='ocr_par' dir='ltr' id='par_1_10' title="bbox 236 4199 1200 4482">
     <span class='ocr_line' id='line_1_36' title="bbox 239 4199 1196 4276; baseline 0.001 -13"><span class='ocrx_word' id='word_1_214' title='bbox 239 4201 286 4263; x_wconf 85' lang='lat' dir='ltr'><strong>ad</strong></span> <span class='ocrx_word' id='word_1_215' title='bbox 308 4200 542 4274; x_wconf 54' lang='lat' dir='ltr'><strong>intestinum,</strong></span> <span class='ocrx_word' id='word_1_216' title='bbox 557 4200 637 4272; x_wconf 84' lang='lat' dir='ltr'><strong>vivi</strong></span> <span class='ocrx_word' id='word_1_217' title='bbox 667 4201 849 4264; x_wconf 79' lang='lat' dir='ltr'><strong>animetis</strong></span> <span class='ocrx_word' id='word_1_218' title='bbox 869 4199 1051 4276; x_wconf 76' lang='lat' dir='ltr'><strong>iniectam</strong></span> <span class='ocrx_word' id='word_1_219' title='bbox 1077 4217 1196 4264; x_wconf 82' lang='lat' dir='ltr'><strong>venes</strong></span> 
     </span>
     <span class='ocr_line' id='line_1_37' title="bbox 236 4303 1200 4390; baseline -0.004 -22"><span class='ocrx_word' id='word_1_220' title='bbox 236 4303 428 4370; x_wconf 82' lang='lat' dir='ltr'><strong>subivieee</strong></span> <span class='ocrx_word' id='word_1_221' title='bbox 456 4304 711 4383; x_wconf 66' lang='lat' dir='ltr'><strong>meseum-ii,</strong></span> <span class='ocrx_word' id='word_1_222' title='bbox 739 4307 779 4371; x_wconf 84' lang='lat' dir='ltr'><strong>et</strong></span> <span class='ocrx_word' id='word_1_223' title='bbox 806 4308 1028 4390; x_wconf 87' lang='lat' dir='ltr'><strong>repererunt</strong></span> <span class='ocrx_word' id='word_1_224' title='bbox 1058 4303 1200 4384; x_wconf 79' lang='lat' dir='ltr'><strong>Swnm·</strong></span> 
     </span>
     <span class='ocr_line' id='line_1_38' title="bbox 318 4407 1020 4482; baseline -0.006 -7"><span class='ocrx_word' id='word_1_225' title='bbox 318 4429 320 4436; x_wconf 75' lang='grc'><em>’</em></span> <span class='ocrx_word' id='word_1_226' title='bbox 881 4428 886 4474; x_wconf 84' lang='grc'><strong>,·</strong></span> <span class='ocrx_word' id='word_1_227' title='bbox 940 4407 980 4482; x_wconf 85' lang='lat' dir='ltr'>M</span> <span class='ocrx_word' id='word_1_228' title='bbox 1001 4426 1020 4471; x_wconf 82' lang='lat' dir='ltr'><strong>a</strong></span> 
     </span>
    </p>
   </div>
   <div class='ocr_carea' id='block_1_10' title="bbox 0 0 1496 4996">
    <p class='ocr_par' dir='ltr' id='par_1_11' title="bbox 0 0 1496 4996">
     <span class='ocr_line' id='line_1_39' title="bbox 0 0 1496 4996; baseline 0 0"><span class='ocrx_word' id='word_1_229' title='bbox 0 0 1496 4996; x_wconf 95' lang='lat' dir='ltr'><strong> </strong></span> 
     </span>
    </p>
   </div>
  </div>
 </body>
</html>
