2898 4992
223 379 241 422 ,Δ
332 379 443 450 secr.
459 377 506 446 11.
526 379 586 446 Ds
609 380 720 446 nor'u
738 371 964 493 ssuqmr‘us·
1109 397 1175 476 ’449

131 536 136 550 “
206 521 261 588 Ex
291 521 481 590 adductis·
500 518 625 612 igitur
646 519 992 588 'observationibus
1033 532 1169 610 patet,

122 625 223 710 quod
242 626 462 709 systematis
485 624 640 690 nervosi
664 631 815 708 partes,
829 644 914 689 cum
936 629 1064 694 nervis
1088 649 1171 696 car·

121 730 241 796 discis
263 731 305 794 in
328 749 426 794 nexu
457 731 693 810 existentes,
725 749 877 818 quaqua
905 734 1058 800 ratione
1082 732 1169 800 lae·

124 845 209 911 tae,
241 831 365 898 cordis
385 833 579 918 energiam
601 833 679 916 iam
697 839 873 913 mutent,
894 835 971 916 jam
995 855 1087 902 vero
1108 839 1171 903 in·

122 943 269 1002 tactam
288 912 533 1021 relinquant,
555 934 675 1000 donec
697 938 787 1003 aliis
811 937 1057 1003 oeconomiae
1084 941 1169 1004 ani-

119 1041 235 1106 malis
253 1039 519 1103 functionibus
538 1039 790 1124 perturbatis,
805 1046 844 1106 et
865 1041 990 1126 ipsum
1011 1039 1171 1109 tandem

122 1145 373 1226 prosternant
392 1141 513 1206 vitale
534 1141 659 1206 cordis
682 1161 830 1208 munus.
854 1141 1033 1210 Novimus
1056 1163 1169 1228 prae-

119 1251 245 1319 terea,
260 1243 382 1308 cordis
405 1241 718 1308 irritabilitatem
736 1235 841 1308 haud
860 1245 1037 1327 protinus
1067 1247 1168 1311 dele·

118 1351 178 1425 r'i,
198 1349 266 1414 ubi
288 1347 328 1413 id
350 1367 520 1431 organon
543 1369 564 1411 a
592 1365 799 1413 nervorum
819 1353 1021 1432 separatur
1046 1355 1084 1414 et
1109 1371 1169 1416 re·

119 1453 319 1540 liquarum
341 1451 512 1535 partium
533 1469 644 1514 nexu.
667 1451 830 1516 Minime
851 1455 983 1516 tamen
1001 1451 1092 1516 inde
1110 1474 1171 1518 se-

121 1555 273 1640 quitur,
296 1551 566 1616 contractilem
589 1551 667 1633 ejus
689 1551 853 1616 musculi
880 1551 962 1617 vim
985 1574 1008 1617 a
1030 1573 1170 1620 nervos

119 1675 206 1724 rum
228 1661 422 1740 potestate
446 1675 524 1719 non
545 1654 730 1739 pontiore,
755 1652 834 1720 imo
860 1655 1085 1722 concludere
1106 1653 1172 1722 de·
1243 1651 1251 1668 “

119 1762 254 1828 bemus
279 1765 362 1825 tum
380 1781 425 1824 ex
443 1761 628 1848 iis,'quae
649 1758 762 1825 modo
787 1755 1016 1827 adduximus
1037 1763 1171 1829 obser·

122 1865 368 1942 vationibus,
389 1869 473 1930 tum
496 1885 541 1930 ex
571 1864 940 1950 analogiaaliorum
974 1867 1170 1932 musculo·

120 1991 207 2038 rum
229 1991 271 2036 ac
292 1977 506 2036 ceterorum
530 1971 712 2036 animalis
730 1955 898 2054 corporis
921 1987 1169 2056 organorum,

118 2075 315 2160 energiam
357 2073 530 2158 organici
557 2073 673 2158 hujus
707 2073 874 2138 musculi
905 2093 973 2156 per
1004 2095 1169 2154 nervos,

118 2177 186 2268 qui
208 2179 469 2260 integrantem
490 2174 568 2259 ejus
592 2173 833 2240 constituunt
850 2177 1170 2258 parte‘m,lracte-

117 2307 190 2354 nus
212 2284 440 2370 gubernari,
464 2289 508 2348 ut
526 2283 574 2348 iis
594 2281 793 2378 vitalitate
810 2281 965 2364 penitus
987 2283 1170 2368 privatis,

120 2391 317 2476 oppositio
334 2389 498 2455 tollatur
510 2432 521 2468 ,
543 2407 619 2474 qua
638 2384 747 2452 nulla
773 2393 901 2450 carere
928 2392 1057 2468 potest
1077 2389 1170 2456 irri-

11 2495 12 2500 ’
119 2493 256 2559 tabilis
276 2493 390 2559 fibra.
424 2491 524 2574 Quia
544 2509 635 2558 vero
658 2489 769 2556 nervi
789 2489 933 2565 iidem,
954 2489 1170 2574 vegetativi

121 2597 369 2686 ceteroquin,
394 2615 462 2680 per
479 2618 518 2663 ee
540 2600 579 2660 st
596 2613 667 2679 pro
689 2613 728 2660 ae
749 2595 945 2682 esistunt,
966 2599 1004 2658 et
1023 2593 1170 2660 nullibi

119 2703 294 2768 centrum
330 2701 478 2768 habent
510 2701 797 2782 manifestum,
827 2721 894 2766 nec
930 2697 1046 2768 aliter
1082 2719 1169 2768 oum

119 2813 331 2896 systemate
356 2805 538 2873 cerebrali
564 2805 778 2891 junguntur
789 2821 805 2888 ,¹
820 2805 903 2892 nisi¹
922 2822 990 2890 per
1016 2796 1143 2872 ramos
1156 2849 1168 2886 ,

118 2914 298 2999 plexibus
321 2916 358 2976 et
382 2911 548 2996 gengliis
577 2911 814 2994 interceptos
839 2911 1036 2996 (t.179.),
1063 2928 1169 2982 cum·

118 3010 192 3104 que
221 3017 321 3082 ram'i
350 3016 573 3084 intermedii
608 3017 679 3084 sub
715 3017 837 3082 variis
867 3014 1171 3084 circumstantiis
1284 3047 1288 3056 ·

116 3115 359 3186 vitalitatem
389 3120 467 3200 iam
496 3117 731 3198 conducere,
763 3119 842 3206 jem
868 3137 959 3182 vero
992 3135 1168 3204 separare
1252 3213 1253 3218 ἵ

116 3228 292 3312 possint3
319 3227 491 3292 accidere
520 3224 656 3300 debet,
677 3231 720 3290 ut
744 3245 806 3292 cor
824 3225 1088 3302 mutationes,
1108 3246 1169 3290 ce·-

122 3333 272 3400 cebrali
309 3331 514 3416 systemati
542 3331 697 3409 illatas,
720 3329 798 3408 iam
827 3330 1061 3416 participet,
1089 3330 1170 3414 'yam
1292 3328 1295 3359 ³

118 3453 288 3502 mrnus..

210 3535 393 3602 Vitalitas
422 3535 542 3624 igitur
571 3531 696 3600 cordis
734 3533 930 3600 internam
963 3533 1170 3600 constituit

119 3639 300 3723 energiae
323 3635 609 3714 conditionem,
629 3635 691 3700 cui
714 3635 869 3702 adsedit
888 3642 1045 3702 externa
1059 3679 1068 3710 ,
1081 3657 1170 3700 san·

119 3741 250 3828 guinis
292 3739 432 3825 quippe
471 3740 662 3805 stimulus·
706 3739 972 3804 Obmoverunt
1010 3737 1169 3824 quidem

116 3845 251 3928 plures
287 3850 378 3924 post
406 3843 640 3908 Albinum
668 3841 929 3927 physiologi,
955 3861 1019 3906 cor
1049 3839 1171 3904 etiam

117 3938 238 4010 inane
261 3933 436 4028 pulsare,
458 3945 608 4010 moveri
634 3939 753 4008 etiam
774 3948 921 4010 resecta
942 3946 1019 4026 ‚aut
1045 3940 1176 4023 ligata

18 4033 21 4038 ¹
117 4053 286 4133 utraque
309 4065 405 4109 vena
428 4065 541 4120 cava,
555 4065 718 4132 eumque
739 4053 887 4112 motum
906 4046 951 4108 ab
977 4045 1078 4110 atris
1099 4041 1170 4110 sti*

107 4151 228 4214 anulo
251 4145 500 4231 repetendum
523 4147 628 4212 haud
647 4151 749 4223 fore,
769 4147 960 4231 siquidem
981 4147 1023 4209 in
1044 4157 1170 4210 vacuo

102 4249 249 4335 >spatio
283 4265 430 4335 quoque
474 4249 675 4315 continuet
709 4249 781 4332 m).
826 4246 1174 4324 observationibus

157 4364 398 4440 nsssosss'n
415 4371 587 4460 Physiol.
605 4369 706 4437 med.
723 4369 805 4436 vol.
826 4370 890 4436 111.
941 4367 1000 4436 Εἰ
1042 4474 1044 4482 y
1088 4391 1093 4400 ·
