2956 4996
211 403 641 472 seer.1v.Duv1rsc1
666 415 882 470 seersum.
906 417 1088 472 errrore.
1130 421 1196 488 293

237 540 569 628 Quemadmodum
605 542 690 626 ipsa
718 540 926 624 respiratio
958 561 1026 626 per
1055 563 1196 610 nervo·

131 643 236 720 ‘rum
258 649 496 732 gubernatur
517 643 707 708 influxum
726 645 777 726 (ς.
799 642 921 735 338.),
944 644 1003 710 ita
1022 645 1197 719 vicissim

150 750 375 842 systematis
417 748 623 814 cerebralis
653 753 691 812 et
729 749 977 832 gangliorum
1015 750 1196 821 vitalitas

151 855 484 944 perfunctionem
512 852 743 936 pulmonum
772 852 814 916 in
837 869 906 914 sua
936 857 1112 920 servatur
1134 853 1198 924 in.

148 962 347 1048 tegritate.
373 959 570 1024 Cernimus
592 957 685 1022 hinc
705 957 912 1042 encephali
932 959 1197 1027 evolutionem

151 1069 195 1134 in
215 1067 336 1134 variis
367 1064 599 1130 animalium
621 1063 807 1128 classibus
841 1063 973 1130 eadem
1003 1064 1082 1128 fere
1109 1083 1201 1148 pro-5

152 1172 333 1258 portione
354 1167 550 1240 incedere,
570 1170 614 1228 ut
638 1165 724 1250 ipsa
747 1184 893 1250 organa
915 1166 1100 1250 spiritum
1129 1163 1198 1242 due

155 1273 285 1338 centia
310 1273 466 1337 evoluta
495 1269 654 1334 fuerint.
689 1270 866 1332 Centrala
898 1269 1001 1332 enim
1028 1266 1069 1332 id
1088 1267 1199 1334 vitae

151 1375 361 1446 sensifer-ae
383 1393 554 1458 organon
567 1416 578 1452 ‚
599 1377 642 1435 ut
665 1371 762 1434 alibi
787 1369 1013 1456 diligentius
1035 1391 1198 1458 expone-2

153 1471 265 1556 mus,
293 1475 478 1566 sanguina
517 1477 703 1542 arterioso
733 1497 781 1540 ne
811 1482 1009 1542 momento
1039 1477 1200 1564 quidem

150 1609 280 1655 carere
300 1593 453 1672 potest,
473 1592 516 1650 ut
539 1583 632 1652 adeo
657 1583 832 1650 cohibito
858 1583 1085 1666 pulmonum
1109 1582 1200 1650 offi-

130 1694 210 1758 cio
250 1687 485 1760 conscientia
512 1689 691 1774 protinus
721 1688 907 1764 tollatur,
930 1695 969 1754 at
992 1707 1201 1754 nervorum
1259 1732 1264 1744 ι

150 1798 417 1879 supprimatur
451 1792 618 1876 energia.
651 1790 750 1872 Quia
778 1809 868 1857 vero
891 1811 1003 1876 omne
1025 1809 1200 1876 organon

156 1903 194 1962 et
218 1919 348 1962 omnes
374 1897 515 1961 vitales
545 1894 763 1957 functiones
793 1913 861 1976 per
894 1893 1198 1959 sensibilitatem

151 2001 214 2064 val
247 2000 458 2064 animalem
487 1993 550 2060 vel
580 1995 805 2080 organicam
833 1997 1096 2080 gubernantur
1125 1993 1199 2076 (ὃς.
1296 2029 1300 2036 v

152 2113 205 2184 85·
232 2107 330 2191 86.),
351 2121 512 2188 cumque
532 2099 710 2184 sanguis,
737 2117 805 2182 per
826 2099 1110 2166 biochemiium
1139 2119 1201 2162 re·

153 2207 379 2295 spirationis
418 2221 639 2287 processum
678 2201 863 2266 continuo
903 2200 1200 2280 restaurandus,

153 2311 343 2380 materiae
366 2307 570 2392 organicae
593 2311 631 2369 et
649 2303 793 2366 virium
815 2301 999 2370 vitalium
1013 2323 1125 2368 verus
1148 2302 1203 2369 sit

153 2417 239 2482 fona
263 2411 315 2498 (t.
342 2415 458 2497 1⁰4),
480 2408 598 2474 facile
628 2405 888 2490 intelligitur,
906 2408 1049 2473 ‘omnia
1079 2405 1201 2470 totius

154 2521 322 2602 corporis
346 2516 487 2581 vitalia
512 2535 674 2581 munera
696 2535 719 2578 a
741 2513 970 2600 pulmonum
998 2512 1203 2578 iunctione

156 2625 371 2712 plurimum
392 2621 568 2706 pendere.

523 2811 783 2836 m

241 2929 330 3000 'Ern
346 2943 541 3000 Blnunuse
560 2945 616 2999 Die
643 2917 834 3018 Respiration
851 2941 898 2996 als
920 2957 989 2996 vom
1012 2937 1127 2994 neuim
1152 2935 1201 2992 ab·

229 3038 376 3111 haengige
400 3037 587 3108 Bewegung‚
601 3051 631 3088 u.
658 3031 703 3088 ale
731 3031 917 3088 chemiaehar
939 3023 1091 3094 Pressas,
1110 3027 1199 3085 nabet

228 3125 318 3183 ihren
334 3123 464 3204 physici.
478 3141 508 3180 u.
521 3120 637 3200 pathol.
655 3118 910 3192 Abwaichungen.
921 3119 1066 3188 Breslau,
1083 3117 1162 3184 1813.
1171 3123 1200 3181 Β.
1255 3109 1259 3123 ¹

607 3320 637 3390 5·
679 3321 754 3394 341·

178 3507 433 3592 Reliquae
465 3497 845 3584 respirationis
877 3449 1179 3586 utilitates.

242 3669 336 3733 Cum
354 3661 576 3730 materiales
589 3667 628 3726 et
641 3658 868 3745 dynamicae
885 3657 1086 3742 sanguinis
1107 3677 1201 3744 qua-

157 3776 291 3842 litotes
313 3791 380 3854 per
401 3765 698 3850 respirationem
716 3767 916 3827 mutantur
931 3761 1202 3846 (tm-338),

155 3877 307 3947 functio
330 3873 463 3938 eadem
493 3869 700 3934 materiam
722 3873 760 3930 et
789 3865 890 3929 vires
913 3863 1088 3952 organici
1118 3881 1200 3926 cor·

156 3982 263 4067 poris
289 3982 499 4052 restaurat,
522 3975 684 4040 vitalem
706 3989 924 4056 processum
953 3969 996 4033 in
1021 3967 1202 4051 partibus

157 4085 326 4169 singulis
354 4081 537 4160 suscitat,
566 4077 781 4164 organismi
810 4073 1080 4158 integritatem
1112 4092 1201 4168 con-

159 4194 299 4256 servat.
343 4188 509 4272 Chylus,
539 4205 687 4250 massae
727 4181 924 4266 sanguinis
964 4179 1112 4249 infusus
1147 4173 1201 4258 (ς.

156 4294 276 4382 309.),
297 4311 365 4377 per
382 4295 587 4372 utramque
606 4306 748 4352 venam
772 4305 907 4352 cavam
929 4283 997 4352 via
1022 4281 1200 4366 breviora
