<?xml version="1.0" encoding="UTF-8"?>
<!DOCTYPE html PUBLIC "-//W3C//DTD XHTML 1.0 Transitional//EN"
    "http://www.w3.org/TR/xhtml1/DTD/xhtml1-transitional.dtd">
<html xmlns="http://www.w3.org/1999/xhtml" xml:lang="en" lang="en">
 <head>
  <title>
</title>
<meta http-equiv="Content-Type" content="text/html;charset=utf-8" />
  <meta name='ocr-system' content='tesseract 3.04.00' />
  <meta name='ocr-capabilities' content='ocr_page ocr_carea ocr_par ocr_line ocrx_word'/>
</head>
<body>
  <div class='ocr_page' id='page_1' title='image "./physiologiamedi03lenhgoog_0193.png"; bbox 0 0 2922 4996; ppageno 0'>
   <div class='ocr_carea' id='block_1_1' title="bbox 0 0 6 1144">
    <p class='ocr_par' dir='ltr' id='par_1_1' title="bbox 0 0 6 1144">
     <span class='ocr_line' id='line_1_1' title="bbox 0 0 6 1144; baseline 0 0"><span class='ocrx_word' id='word_1_1' title='bbox 0 0 6 1144; x_wconf 95' lang='lat' dir='ltr'> </span> 
     </span>
    </p>
   </div>
   <div class='ocr_carea' id='block_1_2' title="bbox 245 339 1216 494">
    <p class='ocr_par' dir='ltr' id='par_1_2' title="bbox 245 339 1216 494">
     <span class='ocr_line' id='line_1_2' title="bbox 245 339 1216 494; baseline 0.002 -38"><span class='ocrx_word' id='word_1_2' title='bbox 245 391 307 494; x_wconf 69' lang='lat' dir='ltr'>roo</span> <span class='ocrx_word' id='word_1_3' title='bbox 347 389 436 456; x_wconf 83' lang='lat' dir='ltr'>Lrs.</span> <span class='ocrx_word' id='word_1_4' title='bbox 450 384 479 452; x_wconf 89' lang='lat'>1.</span> <span class='ocrx_word' id='word_1_5' title='bbox 494 391 588 456; x_wconf 78' lang='lat' dir='ltr'>car.</span> <span class='ocrx_word' id='word_1_6' title='bbox 602 387 649 454; x_wconf 86' lang='lat'>11.</span> <span class='ocrx_word' id='word_1_7' title='bbox 659 387 720 454; x_wconf 77' lang='lat' dir='ltr'>Du</span> <span class='ocrx_word' id='word_1_8' title='bbox 738 393 933 453; x_wconf 69' lang='lat' dir='ltr'>aurursus.</span> <span class='ocrx_word' id='word_1_9' title='bbox 952 339 1216 458; x_wconf 76' lang='lat' dir='ltr'>nronsrrorur.</span> 
     </span>
    </p>
   </div>
   <div class='ocr_carea' id='block_1_3' title="bbox 177 496 1302 1444">
    <p class='ocr_par' dir='ltr' id='par_1_3' title="bbox 177 496 1302 1444">
     <span class='ocr_line' id='line_1_3' title="bbox 247 496 1302 624; baseline 0.003 -21"><span class='ocrx_word' id='word_1_10' title='bbox 247 557 366 624; x_wconf 85' lang='lat' dir='ltr'>regno</span> <span class='ocrx_word' id='word_1_11' title='bbox 379 496 711 612; x_wconf 62' lang='lat' dir='ltr'>descendentibus,</span> <span class='ocrx_word' id='word_1_12' title='bbox 724 533 961 598; x_wconf 78' lang='lat' dir='ltr'>animalibus</span> <span class='ocrx_word' id='word_1_13' title='bbox 982 537 1202 620; x_wconf 81' lang='lat' dir='ltr'><strong>praecipue,</strong></span> <span class='ocrx_word' id='word_1_14' title='bbox 1213 537 1302 606; x_wconf 88' lang='lat' dir='ltr'>fieri</span> 
     </span>
     <span class='ocr_line' id='line_1_4' title="bbox 247 636 1300 724; baseline -0.011 -18"><span class='ocrx_word' id='word_1_15' title='bbox 247 643 377 721; x_wconf 84' lang='lat' dir='ltr'>solet,</span> <span class='ocrx_word' id='word_1_16' title='bbox 408 642 525 710; x_wconf 81' lang='lat' dir='ltr'>a&#39;e&#39;ree·</span> <span class='ocrx_word' id='word_1_17' title='bbox 542 636 879 720; x_wconf 81' lang='lat' dir='ltr'>inflammabiles:</span> <span class='ocrx_word' id='word_1_18' title='bbox 912 638 1178 724; x_wconf 74' lang='lat' dir='ltr'>hydrogenius</span> <span class='ocrx_word' id='word_1_19' title='bbox 1216 661 1300 706; x_wconf 67' lang='lat' dir='ltr'>car.</span> 
     </span>
     <span class='ocr_line' id='line_1_5' title="bbox 194 728 1299 834; baseline 0 -26"><span class='ocrx_word' id='word_1_20' title='bbox 194 745 205 768; x_wconf 81' lang='lat'>⁸</span> <span class='ocrx_word' id='word_1_21' title='bbox 246 744 438 817; x_wconf 86' lang='lat' dir='ltr'>bonatus,</span> <span class='ocrx_word' id='word_1_22' title='bbox 457 740 707 822; x_wconf 86' lang='lat' dir='ltr'>sulphuratus</span> <span class='ocrx_word' id='word_1_23' title='bbox 729 745 768 804; x_wconf 88' lang='lat' dir='ltr'>et</span> <span class='ocrx_word' id='word_1_24' title='bbox 786 728 1097 834; x_wconf 55' lang='lat' dir='ltr'>phosphoratum</span> <span class='ocrx_word' id='word_1_25' title='bbox 1118 764 1299 809; x_wconf 87' lang='lat' dir='ltr'>nonnun-</span> 
     </span>
     <span class='ocr_line' id='line_1_6' title="bbox 248 837 1299 934; baseline -0.016 -20"><span class='ocrx_word' id='word_1_26' title='bbox 248 867 366 934; x_wconf 85' lang='lat' dir='ltr'>quam</span> <span class='ocrx_word' id='word_1_27' title='bbox 390 845 512 910; x_wconf 88' lang='lat' dir='ltr'>etiam</span> <span class='ocrx_word' id='word_1_28' title='bbox 535 843 731 918; x_wconf 80' lang='lat' dir='ltr'><strong>azoticus,</strong></span> <span class='ocrx_word' id='word_1_29' title='bbox 754 863 778 904; x_wconf 90' lang='lat' dir='ltr'>a</span> <span class='ocrx_word' id='word_1_30' title='bbox 799 842 879 906; x_wconf 89' lang='lat' dir='ltr'>bile</span> <span class='ocrx_word' id='word_1_31' title='bbox 901 841 1166 934; x_wconf 77' lang='lat' dir='ltr'>deoomposita</span> <span class='ocrx_word' id='word_1_32' title='bbox 1186 837 1299 928; x_wconf 79' lang='lat' dir='ltr'>p&#39;rae.</span> 
     </span>
     <span class='ocr_line' id='line_1_7' title="bbox 246 942 1299 1036; baseline -0.006 -18"><span class='ocrx_word' id='word_1_33' title='bbox 246 953 359 1036; x_wconf 78' lang='lat' dir='ltr'>cipue</span> <span class='ocrx_word' id='word_1_34' title='bbox 384 945 597 1034; x_wconf 82' lang='lat' dir='ltr'>repetendi.</span> <span class='ocrx_word' id='word_1_35' title='bbox 621 947 686 1008; x_wconf 88' lang='lat' dir='ltr'>Est</span> <span class='ocrx_word' id='word_1_36' title='bbox 709 964 800 1008; x_wconf 88' lang='lat' dir='ltr'>vero</span> <span class='ocrx_word' id='word_1_37' title='bbox 820 942 985 1007; x_wconf 85' lang='lat' dir='ltr'>flatuum</span> <span class='ocrx_word' id='word_1_38' title='bbox 1006 944 1063 1008; x_wconf 88' lang='lat' dir='ltr'>vis</span> <span class='ocrx_word' id='word_1_39' title='bbox 1085 951 1196 1010; x_wconf 85' lang='lat' dir='ltr'>tanto</span> <span class='ocrx_word' id='word_1_40' title='bbox 1218 968 1299 1013; x_wconf 83' lang='lat' dir='ltr'>ma·</span> 
     </span>
     <span class='ocr_line' id='line_1_8' title="bbox 246 1047 1300 1142; baseline -0.003 -22"><span class='ocrx_word' id='word_1_41' title='bbox 246 1056 328 1140; x_wconf 80' lang='lat' dir='ltr'>ior,</span> <span class='ocrx_word' id='word_1_42' title='bbox 350 1074 424 1142; x_wconf 92' lang='lat' dir='ltr'>quo</span> <span class='ocrx_word' id='word_1_43' title='bbox 449 1053 532 1136; x_wconf 80' lang='lat' dir='ltr'>ipsa</span> <span class='ocrx_word' id='word_1_44' title='bbox 562 1047 681 1114; x_wconf 84' lang='lat' dir='ltr'>crassi</span> <span class='ocrx_word' id='word_1_45' title='bbox 709 1047 891 1127; x_wconf 81' lang='lat' dir='ltr'>intestini</span> <span class='ocrx_word' id='word_1_46' title='bbox 916 1047 1094 1140; x_wconf 80' lang='lat' dir='ltr'>vitalitas</span> <span class='ocrx_word' id='word_1_47' title='bbox 1119 1049 1300 1134; x_wconf 82' lang='lat' dir='ltr'>depressa</span> 
     </span>
     <span class='ocr_line' id='line_1_9' title="bbox 246 1149 1301 1248; baseline -0.005 -25"><span class='ocrx_word' id='word_1_48' title='bbox 246 1158 371 1248; x_wconf 76' lang='lat' dir='ltr'>magis</span> <span class='ocrx_word' id='word_1_49' title='bbox 399 1155 521 1219; x_wconf 85' lang='lat' dir='ltr'>fuerit</span> <span class='ocrx_word' id='word_1_50' title='bbox 541 1193 552 1227; x_wconf 89' lang='lat'>‚</span> <span class='ocrx_word' id='word_1_51' title='bbox 575 1151 638 1216; x_wconf 87' lang='lat' dir='ltr'>vel</span> <span class='ocrx_word' id='word_1_52' title='bbox 667 1150 774 1232; x_wconf 80' lang='lat' dir='ltr'>ipsae</span> <span class='ocrx_word' id='word_1_53' title='bbox 804 1150 928 1236; x_wconf 71' lang='lat' dir='ltr'>fassae</span> <span class='ocrx_word' id='word_1_54' title='bbox 956 1149 1007 1239; x_wconf 53' lang='lat' dir='ltr'>int</span> <span class='ocrx_word' id='word_1_55' title='bbox 1027 1157 1146 1232; x_wconf 80' lang='lat' dir='ltr'>parte</span> <span class='ocrx_word' id='word_1_56' title='bbox 1166 1149 1301 1237; x_wconf 86' lang='lat' dir='ltr'>aliqua</span> 
     </span>
     <span class='ocr_line' id='line_1_10' title="bbox 177 1253 1299 1356; baseline -0.004 -30"><span class='ocrx_word' id='word_1_57' title='bbox 177 1339 179 1350; x_wconf 37' lang='grc' dir='ltr'>Ι</span> <span class='ocrx_word' id='word_1_58' title='bbox 244 1283 315 1356; x_wconf 83' lang='lat' dir='ltr'>per</span> <span class='ocrx_word' id='word_1_59' title='bbox 345 1279 475 1324; x_wconf 80' lang='lat' dir='ltr'><strong>causas</strong></span> <span class='ocrx_word' id='word_1_60' title='bbox 497 1255 628 1322; x_wconf 82' lang='lat' dir='ltr'>varias</span> <span class='ocrx_word' id='word_1_61' title='bbox 659 1253 806 1316; x_wconf 85' lang='lat' dir='ltr'>diutius</span> <span class='ocrx_word' id='word_1_62' title='bbox 832 1253 1102 1330; x_wconf 71' lang='lat' dir='ltr'>adhaeserint,</span> <span class='ocrx_word' id='word_1_63' title='bbox 1124 1260 1167 1319; x_wconf 89' lang='lat' dir='ltr'>ut</span> <span class='ocrx_word' id='word_1_64' title='bbox 1200 1256 1299 1322; x_wconf 89' lang='lat' dir='ltr'>adeo</span> 
     </span>
     <span class='ocr_line' id='line_1_11' title="bbox 245 1356 1297 1444; baseline -0.005 -14"><span class='ocrx_word' id='word_1_65' title='bbox 245 1367 384 1440; x_wconf 85' lang='lat' dir='ltr'>colon,</span> <span class='ocrx_word' id='word_1_66' title='bbox 406 1365 445 1426; x_wconf 89' lang='lat' dir='ltr'>in</span> <span class='ocrx_word' id='word_1_67' title='bbox 465 1361 623 1426; x_wconf 80' lang='lat' dir='ltr'>flexuris</span> <span class='ocrx_word' id='word_1_68' title='bbox 646 1357 916 1444; x_wconf 86' lang='lat' dir='ltr'>potissimum,</span> <span class='ocrx_word' id='word_1_69' title='bbox 942 1356 984 1420; x_wconf 91' lang='lat' dir='ltr'>in</span> <span class='ocrx_word' id='word_1_70' title='bbox 1004 1357 1172 1440; x_wconf 75' lang='lat' dir='ltr'>nimiam</span> <span class='ocrx_word' id='word_1_71' title='bbox 1195 1359 1297 1426; x_wconf 89' lang='lat' dir='ltr'>dila-</span> 
     </span>
    </p>
   </div>
   <div class='ocr_carea' id='block_1_4' title="bbox 0 1443 1295 1546">
    <p class='ocr_par' dir='ltr' id='par_1_4' title="bbox 0 1443 1295 1546">
     <span class='ocr_line' id='line_1_12' title="bbox 0 1443 1295 1546; baseline -0.001 -13"><span class='ocrx_word' id='word_1_72' title='bbox 0 1443 1 1520; x_wconf 55' lang='grc' dir='ltr'><strong>ἶ</strong></span> <span class='ocrx_word' id='word_1_73' title='bbox 118 1471 122 1480; x_wconf 82' lang='lat'>&#39;</span> <span class='ocrx_word' id='word_1_74' title='bbox 243 1471 323 1540; x_wconf 87' lang='lat' dir='ltr'>tari</span> <span class='ocrx_word' id='word_1_75' title='bbox 344 1469 510 1544; x_wconf 88' lang='lat' dir='ltr'>molem,</span> <span class='ocrx_word' id='word_1_76' title='bbox 536 1466 599 1530; x_wconf 85' lang='lat' dir='ltr'>vel</span> <span class='ocrx_word' id='word_1_77' title='bbox 625 1463 745 1528; x_wconf 89' lang='lat' dir='ltr'>etiam</span> <span class='ocrx_word' id='word_1_78' title='bbox 772 1481 928 1544; x_wconf 84' lang='lat' dir='ltr'>crepare</span> <span class='ocrx_word' id='word_1_79' title='bbox 950 1463 1081 1544; x_wconf 89' lang='lat' dir='ltr'>possit</span> <span class='ocrx_word' id='word_1_80' title='bbox 1110 1463 1169 1546; x_wconf 91' lang='lat' dir='ltr'>d).</span> <span class='ocrx_word' id='word_1_81' title='bbox 1201 1467 1295 1532; x_wconf 86' lang='lat' dir='ltr'>Inde</span> 
     </span>
    </p>
   </div>
   <div class='ocr_carea' id='block_1_5' title="bbox 188 1565 1299 2082">
    <p class='ocr_par' dir='ltr' id='par_1_5' title="bbox 188 1565 1299 2072">
     <span class='ocr_line' id='line_1_13' title="bbox 242 1565 1299 1659; baseline -0.006 -17"><span class='ocrx_word' id='word_1_82' title='bbox 242 1575 366 1659; x_wconf 82' lang='lat' dir='ltr'>igitur</span> <span class='ocrx_word' id='word_1_83' title='bbox 388 1580 465 1644; x_wconf 87' lang='lat' dir='ltr'>est,</span> <span class='ocrx_word' id='word_1_84' title='bbox 487 1567 624 1652; x_wconf 86' lang='lat' dir='ltr'>quod</span> <span class='ocrx_word' id='word_1_85' title='bbox 613 1585 655 1629; x_wconf 88' lang='lat' dir='ltr'>m</span> <span class='ocrx_word' id='word_1_86' title='bbox 676 1565 801 1647; x_wconf 84' lang='lat' dir='ltr'>ligata</span> <span class='ocrx_word' id='word_1_87' title='bbox 818 1569 856 1627; x_wconf 88' lang='lat' dir='ltr'>et</span> <span class='ocrx_word' id='word_1_88' title='bbox 877 1565 1044 1628; x_wconf 86' lang='lat' dir='ltr'>exscissa</span> <span class='ocrx_word' id='word_1_89' title='bbox 1066 1587 1110 1630; x_wconf 90' lang='lat' dir='ltr'>ex</span> <span class='ocrx_word' id='word_1_90' title='bbox 1132 1567 1299 1636; x_wconf 82' lang='lat' dir='ltr'>animali</span> 
     </span>
     <span class='ocr_line' id='line_1_14' title="bbox 188 1667 1296 1760; baseline -0.009 -16"><span class='ocrx_word' id='word_1_91' title='bbox 188 1751 194 1760; x_wconf 83' lang='lat'><em>.</em></span> <span class='ocrx_word' id='word_1_92' title='bbox 241 1678 334 1744; x_wconf 86' lang='lat' dir='ltr'>vivo</span> <span class='ocrx_word' id='word_1_93' title='bbox 355 1669 536 1740; x_wconf 88' lang='lat' dir='ltr'>intestini</span> <span class='ocrx_word' id='word_1_94' title='bbox 558 1667 738 1752; x_wconf 79' lang='lat' dir='ltr'>portione</span> <span class='ocrx_word' id='word_1_95' title='bbox 760 1668 826 1728; x_wconf 88' lang='lat' dir='ltr'>a&#39;e&#39;r</span> <span class='ocrx_word' id='word_1_96' title='bbox 849 1686 894 1727; x_wconf 88' lang='lat' dir='ltr'>aa</span> <span class='ocrx_word' id='word_1_97' title='bbox 915 1667 1166 1748; x_wconf 81' lang='lat' dir='ltr'>proportione</span> <span class='ocrx_word' id='word_1_98' title='bbox 1188 1673 1296 1736; x_wconf 84' lang='lat' dir='ltr'>evol·</span> 
     </span>
     <span class='ocr_line' id='line_1_15' title="bbox 242 1767 1298 1862; baseline -0.019 -14"><span class='ocrx_word' id='word_1_99' title='bbox 242 1789 381 1853; x_wconf 78' lang='lat' dir='ltr'>vatur,</span> <span class='ocrx_word' id='word_1_100' title='bbox 403 1773 478 1862; x_wconf 72' lang='lat' dir='ltr'>ilua</span> <span class='ocrx_word' id='word_1_101' title='bbox 499 1775 584 1854; x_wconf 88' lang='lat' dir='ltr'>ipsa</span> <span class='ocrx_word' id='word_1_102' title='bbox 604 1771 664 1834; x_wconf 88' lang='lat' dir='ltr'>in</span> <span class='ocrx_word' id='word_1_103' title='bbox 669 1791 715 1838; x_wconf 83' lang='lat' dir='ltr'>aa</span> <span class='ocrx_word' id='word_1_104' title='bbox 734 1767 867 1833; x_wconf 84' lang='lat' dir='ltr'>deficit</span> <span class='ocrx_word' id='word_1_105' title='bbox 889 1767 1065 1834; x_wconf 80' lang='lat' dir='ltr'>vitalitas</span> <span class='ocrx_word' id='word_1_106' title='bbox 1091 1774 1150 1854; x_wconf 88' lang='lat' dir='ltr'>e),</span> <span class='ocrx_word' id='word_1_107' title='bbox 1174 1775 1298 1858; x_wconf 79' lang='lat' dir='ltr'>quod.</span> 
     </span>
     <span class='ocr_line' id='line_1_16' title="bbox 241 1873 1294 1982; baseline -0.002 -34"><span class='ocrx_word' id='word_1_108' title='bbox 241 1905 316 1974; x_wconf 84' lang='lat' dir='ltr'>que</span> <span class='ocrx_word' id='word_1_109' title='bbox 343 1905 408 1982; x_wconf 79' lang='lat' dir='ltr'>ea,</span> <span class='ocrx_word' id='word_1_110' title='bbox 428 1901 561 1970; x_wconf 89' lang='lat' dir='ltr'>quae</span> <span class='ocrx_word' id='word_1_111' title='bbox 556 1877 673 1950; x_wconf 81' lang='lat' dir='ltr'>robur</span> <span class='ocrx_word' id='word_1_112' title='bbox 700 1879 930 1938; x_wconf 87' lang='lat' dir='ltr'>conservant</span> <span class='ocrx_word' id='word_1_113' title='bbox 952 1873 1231 1942; x_wconf 83' lang='lat' dir='ltr'>intestinorum</span> <span class='ocrx_word' id='word_1_114' title='bbox 1253 1885 1294 1947; x_wconf 86' lang='lat' dir='ltr'>at</span> 
     </span>
     <span class='ocr_line' id='line_1_17' title="bbox 242 1976 1292 2082; baseline -0.007 -29"><span class='ocrx_word' id='word_1_115' title='bbox 242 1983 454 2082; x_wconf 86' lang='lat' dir='ltr'>amissam</span> <span class='ocrx_word' id='word_1_116' title='bbox 460 1981 629 2054; x_wconf 89' lang='lat' dir='ltr'>reddunt</span> <span class='ocrx_word' id='word_1_117' title='bbox 659 1977 996 2072; x_wconf 64' lang='lat' dir='ltr'>igritabilitatem,</span> <span class='ocrx_word' id='word_1_118' title='bbox 1016 1976 1181 2044; x_wconf 85' lang='lat' dir='ltr'>flatuum</span> <span class='ocrx_word' id='word_1_119' title='bbox 1207 2003 1292 2049; x_wconf 91' lang='lat' dir='ltr'>mo·</span> 
     </span>
    </p>
   </div>
   <div class='ocr_carea' id='block_1_6' title="bbox 79 2081 1290 2185">
    <p class='ocr_par' dir='ltr' id='par_1_6' title="bbox 79 2081 1290 2185">
     <span class='ocr_line' id='line_1_18' title="bbox 79 2081 1290 2185; baseline 0.056 -97"><span class='ocrx_word' id='word_1_120' title='bbox 79 2081 82 2088; x_wconf 87' lang='lat'><em>.</em></span> <span class='ocrx_word' id='word_1_121' title='bbox 193 2101 196 2112; x_wconf 82' lang='lat'><em>,</em></span> <span class='ocrx_word' id='word_1_122' title='bbox 242 2099 257 2164; x_wconf 70' lang='lat' dir='ltr'><strong>l</strong></span> <span class='ocrx_word' id='word_1_123' title='bbox 261 2097 376 2162; x_wconf 51' lang='lat' dir='ltr'>emas</span> <span class='ocrx_word' id='word_1_124' title='bbox 401 2090 548 2185; x_wconf 67' lang='lat' dir='ltr'>optime</span> <span class='ocrx_word' id='word_1_125' title='bbox 567 2088 825 2167; x_wconf 75' lang='lat' dir='ltr'>praecaveant</span> <span class='ocrx_word' id='word_1_126' title='bbox 852 2089 889 2148; x_wconf 89' lang='lat' dir='ltr'>et</span> <span class='ocrx_word' id='word_1_127' title='bbox 910 2081 1114 2156; x_wconf 80' lang='lat' dir='ltr'>sufferant</span> <span class='ocrx_word' id='word_1_128' title='bbox 1149 2085 1290 2156; x_wconf 83' lang='lat' dir='ltr'>Rarius</span> 
     </span>
    </p>
   </div>
   <div class='ocr_carea' id='block_1_7' title="bbox 165 2185 1302 3022">
    <p class='ocr_par' dir='ltr' id='par_1_7' title="bbox 165 2185 1302 2995">
     <span class='ocr_line' id='line_1_19' title="bbox 239 2185 1291 2284; baseline -0.006 -25"><span class='ocrx_word' id='word_1_129' title='bbox 239 2216 330 2284; x_wconf 69' lang='lat' dir='ltr'>vero</span> <span class='ocrx_word' id='word_1_130' title='bbox 352 2193 466 2256; x_wconf 81' lang='lat' dir='ltr'>flatus</span> <span class='ocrx_word' id='word_1_131' title='bbox 480 2195 594 2254; x_wconf 86' lang='lat' dir='ltr'>tenue</span> <span class='ocrx_word' id='word_1_132' title='bbox 615 2185 826 2250; x_wconf 87' lang='lat' dir='ltr'>molestant</span> <span class='ocrx_word' id='word_1_133' title='bbox 848 2185 1103 2266; x_wconf 85' lang='lat' dir='ltr'>intestinum,</span> <span class='ocrx_word' id='word_1_134' title='bbox 1118 2211 1162 2254; x_wconf 87' lang='lat' dir='ltr'>ea</span> <span class='ocrx_word' id='word_1_135' title='bbox 1181 2190 1291 2274; x_wconf 86' lang='lat' dir='ltr'>quip-</span> 
     </span>
     <span class='ocr_line' id='line_1_20' title="bbox 239 2286 1289 2398; baseline -0.003 -38"><span class='ocrx_word' id='word_1_136' title='bbox 239 2321 288 2398; x_wconf 77' lang='lat' dir='ltr'>pe</span> <span class='ocrx_word' id='word_1_137' title='bbox 312 2297 357 2362; x_wconf 85' lang='lat' dir='ltr'>de</span> <span class='ocrx_word' id='word_1_138' title='bbox 375 2314 513 2392; x_wconf 79' lang='lat' dir='ltr'>eausa,</span> <span class='ocrx_word' id='word_1_139' title='bbox 528 2287 640 2377; x_wconf 91' lang='lat' dir='ltr'>quod</span> <span class='ocrx_word' id='word_1_140' title='bbox 667 2286 916 2352; x_wconf 87' lang='lat' dir='ltr'>involucrum</span> <span class='ocrx_word' id='word_1_141' title='bbox 947 2309 1140 2368; x_wconf 77' lang='lat' dir='ltr'>aerosum,</span> <span class='ocrx_word' id='word_1_142' title='bbox 1158 2292 1289 2358; x_wconf 82' lang='lat' dir='ltr'>fibrae</span> 
     </span>
     <span class='ocr_line' id='line_1_21' title="bbox 165 2377 1302 2480; baseline -0.008 -10"><span class='ocrx_word' id='word_1_143' title='bbox 165 2408 170 2427; x_wconf 82' lang='lat'><em>&#39;</em></span> <span class='ocrx_word' id='word_1_144' title='bbox 239 2377 480 2475; x_wconf 74' lang='lat' dir='ltr'>musculares</span> <span class='ocrx_word' id='word_1_145' title='bbox 500 2393 706 2458; x_wconf 86' lang='lat' dir='ltr'>annulares</span> <span class='ocrx_word' id='word_1_146' title='bbox 743 2397 781 2454; x_wconf 89' lang='lat' dir='ltr'>et</span> <span class='ocrx_word' id='word_1_147' title='bbox 813 2391 1049 2458; x_wconf 84' lang='lat' dir='ltr'>robustiores</span> <span class='ocrx_word' id='word_1_148' title='bbox 1072 2397 1302 2480; x_wconf 82' lang='lat' dir='ltr'>generatim·</span> 
     </span>
     <span class='ocr_line' id='line_1_22' title="bbox 237 2494 1289 2600; baseline -0.013 -24"><span class='ocrx_word' id='word_1_149' title='bbox 237 2509 396 2576; x_wconf 82' lang='lat' dir='ltr'>tunicae</span> <span class='ocrx_word' id='word_1_150' title='bbox 415 2496 641 2586; x_wconf 80' lang='lat' dir='ltr'>expansioni</span> <span class='ocrx_word' id='word_1_151' title='bbox 664 2494 850 2560; x_wconf 79' lang='lat' dir='ltr'>resistant</span> <span class='ocrx_word' id='word_1_152' title='bbox 860 2535 872 2570; x_wconf 87' lang='lat'><em>‚</em></span> <span class='ocrx_word' id='word_1_153' title='bbox 895 2501 1012 2596; x_wconf 84' lang='lat' dir='ltr'>atqua</span> <span class='ocrx_word' id='word_1_154' title='bbox 1033 2495 1119 2563; x_wconf 84' lang='lat' dir='ltr'>ideo</span> <span class='ocrx_word' id='word_1_155' title='bbox 1139 2500 1289 2600; x_wconf 80' lang='lat' dir='ltr'>praeci·</span> 
     </span>
     <span class='ocr_line' id='line_1_23' title="bbox 238 2595 1288 2700; baseline -0.005 -29"><span class='ocrx_word' id='word_1_156' title='bbox 238 2630 327 2700; x_wconf 79' lang='lat' dir='ltr'>pue,</span> <span class='ocrx_word' id='word_1_157' title='bbox 341 2605 442 2694; x_wconf 89' lang='lat' dir='ltr'>quod</span> <span class='ocrx_word' id='word_1_158' title='bbox 466 2605 557 2666; x_wconf 89' lang='lat' dir='ltr'>haec</span> <span class='ocrx_word' id='word_1_159' title='bbox 579 2595 761 2686; x_wconf 86' lang='lat' dir='ltr'>intestini</span> <span class='ocrx_word' id='word_1_160' title='bbox 777 2616 865 2680; x_wconf 88' lang='lat' dir='ltr'>pars</span> <span class='ocrx_word' id='word_1_161' title='bbox 887 2598 1168 2682; x_wconf 88' lang='lat' dir='ltr'>cumportione</span> <span class='ocrx_word' id='word_1_162' title='bbox 1188 2621 1288 2666; x_wconf 82' lang='lat' dir='ltr'>cras·</span> 
     </span>
     <span class='ocr_line' id='line_1_24' title="bbox 241 2657 1287 2798; baseline -0.012 -18"><span class='ocrx_word' id='word_1_163' title='bbox 241 2739 285 2784; x_wconf 81' lang='lat' dir='ltr'>aa</span> <span class='ocrx_word' id='word_1_164' title='bbox 307 2717 348 2778; x_wconf 90' lang='lat' dir='ltr'>in</span> <span class='ocrx_word' id='word_1_165' title='bbox 370 2708 535 2798; x_wconf 87' lang='lat' dir='ltr'>quadarn</span> <span class='ocrx_word' id='word_1_166' title='bbox 544 2657 699 2767; x_wconf 74' lang='lat' dir='ltr'>e&#39;xistat</span> <span class='ocrx_word' id='word_1_167' title='bbox 728 2697 999 2787; x_wconf 81' lang='lat' dir='ltr'>oppositione·</span> <span class='ocrx_word' id='word_1_168' title='bbox 1018 2701 1129 2766; x_wconf 87' lang='lat' dir='ltr'>acida</span> <span class='ocrx_word' id='word_1_169' title='bbox 1149 2708 1287 2788; x_wconf 68' lang='lat' dir='ltr'>nempe</span> 
     </span>
     <span class='ocr_line' id='line_1_25' title="bbox 238 2799 1285 2891; baseline -0.006 -14"><span class='ocrx_word' id='word_1_170' title='bbox 238 2819 293 2884; x_wconf 81' lang='lat' dir='ltr'>in</span> <span class='ocrx_word' id='word_1_171' title='bbox 314 2837 385 2891; x_wconf 82' lang='lat' dir='ltr'>ea,</span> <span class='ocrx_word' id='word_1_172' title='bbox 426 2812 491 2877; x_wconf 87' lang='lat' dir='ltr'>hio</span> <span class='ocrx_word' id='word_1_173' title='bbox 532 2824 623 2870; x_wconf 90' lang='lat' dir='ltr'>vero</span> <span class='ocrx_word' id='word_1_174' title='bbox 661 2799 973 2866; x_wconf 77' lang='lat' dir='ltr'>inflammabilia</span> <span class='ocrx_word' id='word_1_175' title='bbox 1007 2806 1285 2887; x_wconf 84' lang='lat' dir='ltr'>praevaleant,</span> 
     </span>
     <span class='ocr_line' id='line_1_26' title="bbox 238 2905 1287 3022; baseline -0.006 -42"><span class='ocrx_word' id='word_1_176' title='bbox 238 2921 370 2995; x_wconf 77' lang='lat' dir='ltr'>unde,</span> <span class='ocrx_word' id='word_1_177' title='bbox 398 2915 431 2980; x_wconf 85' lang='lat' dir='ltr'>si</span> <span class='ocrx_word' id='word_1_178' title='bbox 454 2915 535 2979; x_wconf 71' lang='lat' dir='ltr'>atr</span> <span class='ocrx_word' id='word_1_179' title='bbox 549 2909 608 2976; x_wconf 89' lang='lat' dir='ltr'>ibi</span> <span class='ocrx_word' id='word_1_180' title='bbox 638 2905 856 3022; x_wconf 79' lang='lat' dir='ltr'>evolvitur,</span> <span class='ocrx_word' id='word_1_181' title='bbox 889 2905 1024 2970; x_wconf 90' lang='lat' dir='ltr'>acidus</span> <span class='ocrx_word' id='word_1_182' title='bbox 1059 2907 1287 2974; x_wconf 86' lang='lat' dir='ltr'>carbonicus</span> 
     </span>
    </p>
   </div>
   <div class='ocr_carea' id='block_1_8' title="bbox 238 3021 547 3102">
    <p class='ocr_par' dir='ltr' id='par_1_8' title="bbox 238 3021 547 3102">
     <span class='ocr_line' id='line_1_27' title="bbox 238 3021 547 3102; baseline -0.039 -9"><span class='ocrx_word' id='word_1_183' title='bbox 238 3049 324 3102; x_wconf 78' lang='lat' dir='ltr'>esse</span> <span class='ocrx_word' id='word_1_184' title='bbox 338 3021 447 3088; x_wconf 85' lang='lat' dir='ltr'>solet</span> <span class='ocrx_word' id='word_1_185' title='bbox 544 3089 547 3096; x_wconf 53' lang='grc'>,</span> 
     </span>
    </p>
   </div>
   <div class='ocr_carea' id='block_1_9' title="bbox 229 3152 1301 4292">
    <p class='ocr_par' dir='ltr' id='par_1_9' title="bbox 229 3152 1301 4292">
     <span class='ocr_line' id='line_1_28' title="bbox 320 3152 1285 3253; baseline -0.016 -18"><span class='ocrx_word' id='word_1_186' title='bbox 320 3167 489 3253; x_wconf 80' lang='lat' dir='ltr'>chylus,</span> <span class='ocrx_word' id='word_1_187' title='bbox 511 3158 636 3246; x_wconf 90' lang='lat' dir='ltr'>quiin</span> <span class='ocrx_word' id='word_1_188' title='bbox 658 3175 782 3222; x_wconf 84' lang='lat' dir='ltr'>crasso</span> <span class='ocrx_word' id='word_1_189' title='bbox 807 3157 968 3237; x_wconf 89' lang='lat' dir='ltr'>paratur</span> <span class='ocrx_word' id='word_1_190' title='bbox 996 3152 1209 3233; x_wconf 86' lang='lat' dir='ltr'>intestino,</span> <span class='ocrx_word' id='word_1_191' title='bbox 1234 3156 1285 3220; x_wconf 88' lang='lat' dir='ltr'>ab</span> 
     </span>
     <span class='ocr_line' id='line_1_29' title="bbox 234 3255 1284 3354; baseline -0.032 -10"><span class='ocrx_word' id='word_1_192' title='bbox 234 3279 330 3349; x_wconf 81' lang='lat' dir='ltr'>illo,</span> <span class='ocrx_word' id='word_1_193' title='bbox 349 3287 463 3354; x_wconf 87' lang='lat' dir='ltr'>quem</span> <span class='ocrx_word' id='word_1_194' title='bbox 485 3266 526 3328; x_wconf 90' lang='lat' dir='ltr'>in</span> <span class='ocrx_word' id='word_1_195' title='bbox 548 3261 658 3326; x_wconf 88' lang='lat' dir='ltr'>tenui</span> <span class='ocrx_word' id='word_1_196' title='bbox 676 3256 808 3344; x_wconf 87' lang='lat' dir='ltr'>parari</span> <span class='ocrx_word' id='word_1_197' title='bbox 827 3255 996 3320; x_wconf 85' lang='lat' dir='ltr'>diximus</span> <span class='ocrx_word' id='word_1_198' title='bbox 1019 3256 1073 3340; x_wconf 64' lang='grc' dir='ltr'>(ς.</span> <span class='ocrx_word' id='word_1_199' title='bbox 1091 3262 1284 3344; x_wconf 70' lang='lat' dir='ltr'>308.),pa.</span> 
     </span>
     <span class='ocr_line' id='line_1_30' title="bbox 235 3361 1284 3452; baseline -0.02 -1"><span class='ocrx_word' id='word_1_200' title='bbox 235 3404 323 3452; x_wconf 89' lang='lat' dir='ltr'>rum</span> <span class='ocrx_word' id='word_1_201' title='bbox 345 3373 504 3444; x_wconf 84' lang='lat' dir='ltr'>differre</span> <span class='ocrx_word' id='word_1_202' title='bbox 525 3361 692 3432; x_wconf 70' lang='lat' dir='ltr'>ridetur.¹</span> <span class='ocrx_word' id='word_1_203' title='bbox 714 3363 869 3428; x_wconf 84' lang='lat' dir='ltr'>Parcior</span> <span class='ocrx_word' id='word_1_204' title='bbox 894 3368 1026 3426; x_wconf 88' lang='lat' dir='ltr'>tamen</span> <span class='ocrx_word' id='word_1_205' title='bbox 1048 3365 1171 3430; x_wconf 87' lang='lat' dir='ltr'>multo</span> <span class='ocrx_word' id='word_1_206' title='bbox 1203 3365 1284 3445; x_wconf 85' lang='lat' dir='ltr'>ejus</span> 
     </span>
     <span class='ocr_line' id='line_1_31' title="bbox 229 3464 1283 3564; baseline -0.02 -11"><span class='ocrx_word' id='word_1_207' title='bbox 229 3493 292 3564; x_wconf 70' lang='lat' dir='ltr'>¹est</span> <span class='ocrx_word' id='word_1_208' title='bbox 316 3480 449 3564; x_wconf 88' lang='lat' dir='ltr'>copie,</span> <span class='ocrx_word' id='word_1_209' title='bbox 471 3473 574 3536; x_wconf 88' lang='lat' dir='ltr'>unde</span> <span class='ocrx_word' id='word_1_210' title='bbox 596 3477 634 3534; x_wconf 89' lang='lat' dir='ltr'>et</span> <span class='ocrx_word' id='word_1_211' title='bbox 661 3489 755 3537; x_wconf 80' lang='lat' dir='ltr'>vasa</span> <span class='ocrx_word' id='word_1_212' title='bbox 788 3464 1038 3531; x_wconf 81' lang='lat' dir='ltr'>absorbentia</span> <span class='ocrx_word' id='word_1_213' title='bbox 1067 3465 1181 3551; x_wconf 82' lang='lat' dir='ltr'>longe</span> <span class='ocrx_word' id='word_1_214' title='bbox 1206 3469 1283 3532; x_wconf 87' lang='lat' dir='ltr'>mi·</span> 
     </span>
     <span class='ocr_line' id='line_1_32' title="bbox 234 3567 1282 3659; baseline -0.023 -5"><span class='ocrx_word' id='word_1_215' title='bbox 234 3607 329 3656; x_wconf 86' lang='lat' dir='ltr'>nore</span> <span class='ocrx_word' id='word_1_216' title='bbox 351 3581 491 3646; x_wconf 86' lang='lat' dir='ltr'>adsunt</span> <span class='ocrx_word' id='word_1_217' title='bbox 509 3591 683 3638; x_wconf 87' lang='lat' dir='ltr'>numero.</span> <span class='ocrx_word' id='word_1_218' title='bbox 715 3568 852 3659; x_wconf 78' lang='lat' dir='ltr'>Valent</span> <span class='ocrx_word' id='word_1_219' title='bbox 880 3573 1010 3630; x_wconf 87' lang='lat' dir='ltr'>autem</span> <span class='ocrx_word' id='word_1_220' title='bbox 1040 3567 1105 3630; x_wconf 86' lang='lat' dir='ltr'>hio</span> <span class='ocrx_word' id='word_1_221' title='bbox 1130 3587 1282 3656; x_wconf 85' lang='lat' dir='ltr'>quoque</span> 
     </span>
     <span class='ocr_line' id='line_1_33' title="bbox 235 3650 1281 3770; baseline -0.01 -22"><span class='ocrx_word' id='word_1_222' title='bbox 235 3713 300 3764; x_wconf 72' lang='lat' dir='ltr'>ea,</span> <span class='ocrx_word' id='word_1_223' title='bbox 323 3703 417 3770; x_wconf 89' lang='lat' dir='ltr'>quae</span> <span class='ocrx_word' id='word_1_224' title='bbox 451 3677 496 3741; x_wconf 87' lang='lat' dir='ltr'>de</span> <span class='ocrx_word' id='word_1_225' title='bbox 526 3672 703 3742; x_wconf 90' lang='lat' dir='ltr'>humoris</span> <span class='ocrx_word' id='word_1_226' title='bbox 732 3650 892 3735; x_wconf 74' lang='lat' dir='ltr'>nutritii</span> <span class='ocrx_word' id='word_1_227' title='bbox 924 3665 1193 3753; x_wconf 75' lang='lat' dir='ltr'>absorptione,</span> <span class='ocrx_word' id='word_1_228' title='bbox 1219 3675 1281 3738; x_wconf 84' lang='lat' dir='ltr'>de-</span> 
     </span>
     <span class='ocr_line' id='line_1_34' title="bbox 233 3774 1283 3881; baseline -0.029 -24"><span class='ocrx_word' id='word_1_229' title='bbox 233 3813 306 3881; x_wconf 81' lang='lat' dir='ltr'>que</span> <span class='ocrx_word' id='word_1_230' title='bbox 334 3781 504 3851; x_wconf 85' lang='lat' dir='ltr'>transitu</span> <span class='ocrx_word' id='word_1_231' title='bbox 525 3777 603 3860; x_wconf 83' lang='lat' dir='ltr'>ejus</span> <span class='ocrx_word' id='word_1_232' title='bbox 630 3776 671 3839; x_wconf 92' lang='lat' dir='ltr'>in</span> <span class='ocrx_word' id='word_1_233' title='bbox 695 3774 894 3857; x_wconf 80' lang='lat' dir='ltr'>sanguinis</span> <span class='ocrx_word' id='word_1_234' title='bbox 927 3789 1095 3834; x_wconf 88' lang='lat' dir='ltr'>massam</span> <span class='ocrx_word' id='word_1_235' title='bbox 1125 3792 1283 3852; x_wconf 82' lang='lat' dir='ltr'>praece.</span> 
     </span>
     <span class='ocr_line' id='line_1_35' title="bbox 233 3871 1301 3984; baseline -0.031 -24"><span class='ocrx_word' id='word_1_236' title='bbox 233 3899 363 3984; x_wconf 83' lang='lat' dir='ltr'>pimus</span> <span class='ocrx_word' id='word_1_237' title='bbox 387 3883 572 3968; x_wconf 66' lang='lat'><strong>(5⁴3⁰9·)·</strong></span> <span class='ocrx_word' id='word_1_238' title='bbox 603 3881 766 3960; x_wconf 82' lang='lat' dir='ltr'>bergam</span> <span class='ocrx_word' id='word_1_239' title='bbox 792 3897 882 3942; x_wconf 86' lang='lat' dir='ltr'>vero</span> <span class='ocrx_word' id='word_1_240' title='bbox 903 3880 940 3938; x_wconf 90' lang='lat' dir='ltr'>et</span> <span class='ocrx_word' id='word_1_241' title='bbox 964 3876 1002 3936; x_wconf 93' lang='lat' dir='ltr'>in</span> <span class='ocrx_word' id='word_1_242' title='bbox 1031 3893 1154 3938; x_wconf 84' lang='lat' dir='ltr'>cresso</span> <span class='ocrx_word' id='word_1_243' title='bbox 1177 3871 1301 3944; x_wconf 71' lang='lat' dir='ltr'>inte.-</span> 
     </span>
     <span class='ocr_line' id='line_1_36' title="bbox 233 3979 1281 4064; baseline -0.021 0"><span class='ocrx_word' id='word_1_244' title='bbox 233 3999 338 4064; x_wconf 88' lang='lat' dir='ltr'>etino</span> <span class='ocrx_word' id='word_1_245' title='bbox 366 3987 534 4056; x_wconf 86' lang='lat' dir='ltr'>accidere</span> <span class='ocrx_word' id='word_1_246' title='bbox 572 3980 896 4063; x_wconf 77' lang='lat' dir='ltr'>absorptionem,</span> <span class='ocrx_word' id='word_1_247' title='bbox 928 3979 1110 4061; x_wconf 85' lang='lat' dir='ltr'>clysteres</span> <span class='ocrx_word' id='word_1_248' title='bbox 1151 3985 1281 4046; x_wconf 81' lang='lat' dir='ltr'>oslen-</span> 
     </span>
     <span class='ocr_line' id='line_1_37' title="bbox 234 4082 1280 4182; baseline -0.02 -14"><span class='ocrx_word' id='word_1_249' title='bbox 234 4104 352 4173; x_wconf 87' lang='lat' dir='ltr'>dunt,</span> <span class='ocrx_word' id='word_1_250' title='bbox 374 4108 537 4182; x_wconf 91' lang='lat' dir='ltr'>quorum</span> <span class='ocrx_word' id='word_1_251' title='bbox 557 4085 681 4148; x_wconf 89' lang='lat' dir='ltr'>virtus</span> <span class='ocrx_word' id='word_1_252' title='bbox 704 4082 896 4154; x_wconf 83' lang='lat' dir='ltr'>medicata</span> <span class='ocrx_word' id='word_1_253' title='bbox 919 4086 985 4144; x_wconf 85' lang='lat' dir='ltr'>aut</span> <span class='ocrx_word' id='word_1_254' title='bbox 1009 4087 1199 4145; x_wconf 84' lang='lat' dir='ltr'>venenata</span> <span class='ocrx_word' id='word_1_255' title='bbox 1218 4086 1280 4148; x_wconf 85' lang='lat' dir='ltr'>vis</span> 
     </span>
     <span class='ocr_line' id='line_1_38' title="bbox 232 4183 1281 4292; baseline -0.016 -23"><span class='ocrx_word' id='word_1_256' title='bbox 232 4208 274 4292; x_wconf 80' lang='lat' dir='ltr'>f)</span> <span class='ocrx_word' id='word_1_257' title='bbox 305 4204 385 4268; x_wconf 88' lang='lat' dir='ltr'>suis</span> <span class='ocrx_word' id='word_1_258' title='bbox 404 4220 446 4264; x_wconf 86' lang='lat' dir='ltr'>aa</span> <span class='ocrx_word' id='word_1_259' title='bbox 474 4191 644 4279; x_wconf 78' lang='lat' dir='ltr'>produnt</span> <span class='ocrx_word' id='word_1_260' title='bbox 675 4186 893 4261; x_wconf 78' lang='lat' dir='ltr'>effectibus3</span> <span class='ocrx_word' id='word_1_261' title='bbox 913 4183 1056 4248; x_wconf 85' lang='lat' dir='ltr'>accidit</span> <span class='ocrx_word' id='word_1_262' title='bbox 1077 4191 1281 4266; x_wconf 83' lang='lat' dir='ltr'>praeterea</span> 
     </span>
    </p>
   </div>
   <div class='ocr_carea' id='block_1_10' title="bbox 232 4288 1280 4396">
    <p class='ocr_par' dir='ltr' id='par_1_10' title="bbox 232 4288 1280 4396">
     <span class='ocr_line' id='line_1_39' title="bbox 232 4288 1280 4396; baseline -0.021 -18"><span class='ocrx_word' id='word_1_263' title='bbox 232 4309 409 4396; x_wconf 79' lang='lat' dir='ltr'>saepius,</span> <span class='ocrx_word' id='word_1_264' title='bbox 431 4306 475 4366; x_wconf 87' lang='lat' dir='ltr'>ut</span> <span class='ocrx_word' id='word_1_265' title='bbox 494 4299 715 4368; x_wconf 76' lang='lat' dir='ltr'>anamotum</span> <span class='ocrx_word' id='word_1_266' title='bbox 738 4291 849 4376; x_wconf 85' lang='lat' dir='ltr'>copia</span> <span class='ocrx_word' id='word_1_267' title='bbox 870 4290 1009 4378; x_wconf 81' lang='lat' dir='ltr'>exigua</span> <span class='ocrx_word' id='word_1_268' title='bbox 1028 4288 1116 4356; x_wconf 90' lang='lat' dir='ltr'>alvo</span> <span class='ocrx_word' id='word_1_269' title='bbox 1138 4289 1280 4356; x_wconf 84' lang='lat' dir='ltr'>radda</span> 
     </span>
    </p>
   </div>
   <div class='ocr_carea' id='block_1_11' title="bbox 0 0 1466 4996">
    <p class='ocr_par' dir='ltr' id='par_1_11' title="bbox 0 0 1466 4996">
     <span class='ocr_line' id='line_1_40' title="bbox 0 0 1466 4996; baseline 0 5"><span class='ocrx_word' id='word_1_270' title='bbox 0 0 1466 4996; x_wconf 95' lang='lat' dir='ltr'> </span> 
     </span>
    </p>
   </div>
  </div>
 </body>
</html>
