2892 5004
271 333 315 406 48
363 295 452 389 nna
462 315 492 382 1.
505 317 596 382 css.
608 314 710 384 ins
729 313 927 376 srrnnrr.
949 321 1227 379 russas-ross.

260 467 343 532 'bus
364 459 536 526 medium
545 499 558 535 ,
581 473 655 544 quo
676 457 827 520 oleosae
849 439 1006 541 aqudsis
1033 456 1221 520 uniuntur
1242 450 1329 518 cibi

107 589 111 598 “
180 547 190 570 ⁰
270 567 463 656 partibus
504 561 681 630 Attrahit
711 560 746 624 is
781 561 886 624 latex
917 559 1152 645 exygenium
1188 578 1233 621 ex
1264 563 1330 620 at·

172 717 175 724 ·
271 667 541 754 mosphaarieo
567 667 679 744 aiire,
700 639 800 750 quod
821 665 924 730 inter
941 660 1226 728 masticandum
1239 681 1333 725 cum

271 776 360 841 cibo
392 771 578 836 miscetur
617 773 656 832 et
685 767 922 852 deglutitur,
945 785 1090 850 suoque
1126 768 1240 831 modo
1275 765 1330 830 ad

270 877 533 965 digestionem
563 875 725 944 confert.
767 872 986 958 Dynamica
1015 873 1164 952 salivae
1197 870 1329 948 actio,
1421 921 1423 930 Α

271 992 319 1051 ut
337 967 600 1048 Trnv'issrns
628 979 740 1043 docet
760 978 833 1061 n),
856 976 898 1040 iis
921 995 964 1039 eo
988 976 1196 1040 consistere
1215 973 1329 1040 vide·
1349 1057 1352 1062 Ι

272 1097 361 1163 tur,
383 1085 486 1172 quod
512 1089 702 1167 tanquam
727 1080 868 1144 humor
890 1077 1129 1161 inquilinus,
1153 1079 1332 1164 adeoque

271 1192 426 1260 viribus
460 1162 657 1272 organicis=
689 1183 911 1268 praeditus,
937 1185 1066 1248 cibum
1091 1185 1146 1247 sie
1174 1189 1329 1260 mutet,

271 1295 377 1362 utin
395 1293 622 1376 organicam
642 1288 746 1374 yerti
775 1289 900 1371 possit
920 1289 1124 1351 materiem
1148 1287 1222 1371 'o).'
1235 1289 1328 1352 Pro·

248 1399 371 1466 *bant
390 1403 521 1462 autem
541 1395 791 1478 dynamicam
811 1391 890 1469 ejus
909 1392 1086 1456 hu'moris
1104 1379 1329 1474 potentiam

272 1501 462 1568 animalia
483 1497 623 1563 rabida
635 1537 646 1570 ,
670 1513 833 1582 quorum
854 1513 983 1559 morsu
1003 1497 1161 1576 morbus
1182 1497 1329 1562 similis

271 1603 449 1690 (rabies)
470 1599 701 1676 suscitatum
725 1597 977 1663 adverterunt
1000 1600 1088 1663 dein
1106 1599 1331 1684 peregrina-

206 1779 207 1786 ,
272 1717 400 1786 tores,
421 1707 524 1794 quod
551 1705 699 1770 Crotali
730 1725 878 1771 morsus
908 1707 1050 1772 febrim
1072 1707 1231 1780 inducat
1259 1726 1329 1790 pe-

272 1809 491 1888 sinaitam,
511 1829 598 1872 cum
616 1807 805 1891 peculiari
824 1810 923 1873 cutis
949 1811 1189 1888 mutatione,
1215 1811 1327 1886 adeo,

204 1965 206 1970 .
271 1921 318 1980 ut
336 1919 465 1979 totum
484 1930 619 1995 corpus
641 1912 812 1976 maculas
828 1912 1013 1978 exhibeat
1036 1915 1249 1992 coloratas,
1261 1935 1329 1978 ve·

275 2023 442 2086 nauatae
463 2015 527 2080 illi
548 2014 697 2080 bestiae
718 2015 866 2080 similes
890 2017 950 2104 p).

288 2251 292 2256 .
357 2187 426 2252 llis
446 2183 617 2264 assedit,
642 2181 744 2267 quod
765 2183 921 2260 saliva,
946 2203 1042 2270 quae
1063 2187 1216 2272 parcius
1242 2187 1329 2272 qui-

275 2288 364 2356 dem
386 2293 496 2354 extra
515 2291 669 2369 tempus
700 2287 879 2351 sumendi
904 2288 982 2352 cibi
1003 2289 1237 2363 secernitur,
1257 2311 1328 2353 no·

277 2397 344 2457 otu
370 2387 629 2476 praeprimis,
660 2392 777 2470 etque
805 2389 980 2455 interdiu
1014 2393 1132 2456 etiam
1165 2394 1328 2460 insano
1401 2423 1404 2438 ·

276 2498 315 2558 et
336 2492 435 2556 bene
452 2495 606 2574 morato
624 2489 810 2576 homine,
832 2490 1069 2576 deglutiatur
1087 2539 1099 2572 ,
1119 2501 1234 2581 atque
1257 2519 1327 2562 ve-

275 2613 411 2662 sorum
431 2591 764 2678 lymphaticorum
796 2611 867 2676 ope
896 2597 1165 2675 reem-beatur,
1188 2604 1226 2662 et
1257 2619 1326 2665 suo

275 2695 439 2778 modo
427 2715 470 2760 ιιι
499 2694 708 2759 nutritiam
737 2701 912 2763 vertatur
943 2699 1219 2767 substantiam.
1250 2704 1328 2768 Do·

176 2823 182 2836 ¹
278 2801 518 2864 cantantem
540 2797 673 2861 variae
702 2797 1010 2874 observationes,
1034 2802 1325 2886 absorptionem

277 2920 365 2966 eam
375 2898 428 2963 in
450 2919 515 2964 ore
535 2899 728 2964 accidere·
753 2884 898 2965 ete'nim
920 2901 1090 2988 liquores
1113 2906 1327 3023 spirituosi,

241 3045 246 3054 -
276 3024 342 3070 ore
373 3001 566 3078 adsumti‚
590 3023 670 3066 non
695 3009 828 3068 tamen
859 3003 1069 3089 deglutiti,
1091 3005 1194 3072 vire's
1227 3012 1325 3074 refo-

277 3107 441 3182 cillant,
464 3111 531 3170 aut
551 3105 668 3190 plane
698 3105 924 3185 inebriant,
949 3113 987 3172 et
1013 3108 1183 3176 vidimus
1213 3134 1326 3200 saepe

276 3213 549 3297 Acipenserem
580 3211 773 3284 Husonem
802 3212 844 3276 in
882 3207 1044 3278 tertium
1075 3237 1193 3302 usque
1224 3219 1326 3286 diem

204 3329 211 3348 ·
277 3320 499 3392 servatum,
521 3311 601 3375 solo
622 3304 745 3392 paria,
770 3313 911 3396 spiritu
936 3316 1021 3378 vini
1043 3317 1326 3408 impraegnato,

208 3481 211 3488 ,
278 3419 339 3484 ori
361 3415 568 3501 imposito.
605 3413 760 3478 Venena
784 3416 904 3503 etiam
937 3421 1243 3498 narcotica,¹ori
1266 3425 1325 3492 in·

277 3523 451 3594 stillata,
474 3514 656 3584 effectum
677 3537 788 3582 suum
807 3539 875 3604 per
896 3521 1118 3589 universum
1149 3546 1238 3594 mox
1264 3551 1325 3596 ex·

262 3633 395 3694 erunt
418 3643 554 3708 corpus
579 3619 639 3709 q).
688 3641 693 3652 “
1131 3689 1135 3740 Ι

359 3782 599 3866 Intelligitur
618 3783 712 3849 hinc
732 3783 861 3851 varius
888 3785 1036 3852 salivae
1065 3809 1153 3855 usus
1165 3833 1176 3868 ,
1200 3799 1238 3859 et
1259 3815 1325 3864 cur

277 3891 406 3960 nimia
433 3887 625 3970 epotatio,
647 3888 748 3954 fumi
772 3892 947 3961 tabacini
977 3897 1109 3984 usur)
1136 3873 1323 3968 autaliis

277 3995 464 4063 suscitata
485 3989 632 4070 causis,
655 3989 799 4062 famem
815 4003 1035 4080 prosternat
1045 4039 1056 4075 ,
1071 4001 1324 4086 digestionem

279 4097 430 4172 laedat,
453 4097 618 4188 maciem
639 4103 677 4164 et
700 4119 938 4166 marasmnm
960 4101 1133 4170 inducat.

1094 4321 1323 4410 ·«’)
