2912 5000
345 297 349 304 ’
457 321 907 416 trsausorrrerrrorr.
1071 309 1074 316 ’
1143 335 1214 408 407
1277 299 1287 308 '⁵

158 457 252 548 dam
275 468 470 541 emortua,
493 464 534 526 in
555 464 735 546 sphaoelo
760 469 799 528 et
820 465 915 528 ossis
940 457 1065 546 carie,
1088 471 1210 530 mate·

158 567 235 630 ries
253 573 432 650 corrupta
455 568 944 644 absorbeatur,vinculum
966 570 1131 634 tollatur
1153 571 1214 634 irr-

158 673 218 732 ter
237 669 433 734 viventem
456 678 495 736 et
515 669 845 756 desorgenisatam
869 669 1153 753 substantiam,
1176 681 1215 738 et

160 773 402 840 baccatoto
423 795 492 839 sua
509 780 645 862 sponte
665 779 884 858 separetur:
902 773 1029 846 Etiam
1056 777 1213 841 mecha.-
1267 821 1270 832 ·
1356 756 1364 772 ’

158 875 271 940 nicae
303 897 474 950 causae,
504 897 684 964 vasorum
720 875 1030 960 sanguiferorum
1071 895 1212 962 munus

156 980 416 1070 impedientes
426 1023 442 1057 ,-
455 984 715 1050 nutritionem
735 979 939 1054 cohibent,
956 963 1230 1061 absorptione.

160 1086 267 1152 haud
298 1085 499 1167 impedita.
531 1086 589 1148 Sic
619 1091 792 1150 tumores
823 1080 951 1168 varii,
982 1081 1037 1146 sic
1069 1082 1212 1144 arteri-

117 1197 120 1207 “
161 1209 271 1258 nrum
304 1188 569 1252 anevrismeta
600 1175 727 1270 partes
758 1185 932 1260 vicinas,
964 1177 1210 1264 ossaetiam‚

157 1292 376 1358 substantia
394 1291 568 1359 deminui
591 1295 630 1354 et
653 1288 806 1360 corrodi
825 1289 988 1371 faciunt.
1012 1288 1071 1350 Sic
1089 1289 1210 1380 etiam

160 1396 379 1481 contingit⁴
401 1403 445 1460 ut
477 1397 663 1458 materiae
696 1394 947 1477 peregrinae,
970 1393 1143 1478 liquidae
1173 1401 1211 1460 et

153 1499 329 1578 solidae,
351 1501 458 1564 viam
476 1500 552 1564 sibi
575 1499 748 1581 pandant
758 1518 921 1583 ,perque
939 1519 1121 1568 cavarum
1140 1520 1208 1584 pa·

122 1631 124 1634 ·
157 1611 276 1684 rietes
297 1616 334 1676 et
354 1610 526 1694 corporis
543 1615 769 1694 tegumenta
787 1609 990 1692 prodeant.

120 1745 125 1752 ’
157 1783 161 1790 ’
263 1775 687 1846 assumpseram
696 1773 810 1831 noser
836 1749 894 1829 ain
918 1763 1111 1840 wentana
1135 1779 1209 1868 tire

99 1853 107 1868 ⁸
229 1864 353 1922 rischen
370 1864 498 1922 Materia
514 1863 620 1936 (uait
628 1862 758 1926 ¹..sArch
776 1863 798 1917 f.
811 1861 841 1922 d.
855 1863 944 1938 Phys.
956 1865 1007 1931 1v
1018 1885 1050 1943 p
1065 1871 1127 1932 tto.
1136 1875 1208 1952 etp).

585 2046 634 2115 i
670 2047 745 2120 382·

1051 2111 1082 2171 *t

564 2189 798 2312 Lympha.
844 2232 850 2247 “

238 2367 485 2456 Respondent
497 2372 696 2456 pulmones
709 2369 893 2436 animalia
907 2376 1077 2454 corporis
1094 2377 1207 2459 ptan-
1313 2406 1318 2414 ·

96 2531 100 2538 .
149 2479 286 2540 ¹tarum
308 2477 440 2551 foliis,
460 2482 497 2539 et
515 2495 613 2543 vasa,
628 2473 877 2548 absorbentia
903 2495 987 2540 cum
1004 2479 1204 2544 radicibus

156 2590 375 2666 congruunt
404 2582 696 2667 vegetabilium.
728 2583 881 2646 Etenim
909 2583 1004 2658 haec
1036 2586 1205 2658 externis

151 2692 292 2770 patent
309 2685 510 2762 materiis,
524 2695 695 2778 suntque
724 2685 967 2752 substantiae
998 2688 1207 2771 organicae

149 2787 434 2872 impiantatae,
466 2795 509 2854 ut
531 2809 663 2874 sugere
686 2783 870 2868 continuo
901 2789 1053 2872 possint
1075 2791 1204 2855 mate·
1254 2787 1259 2799 ⁸

132 2881 260 2971 rias,
294 2892 430 2976 quibus
459 2893 660 2976 sanguinis
695 2911 822 2956 massa
851 2895 1085 2956 restauretur
1104 2893 1122 2966 ,'
1145 2898 1205 2956 to·

51 2989 56 3004 '
153 3002 316 3087 tumque
349 3015 486 3078 corpus
507 2995 717 3060 nutriatur
757 2995 874 3058 illum
909 2999 1040 3059 autem
1065 2995 1205 3062 humo·
1228 3066 1230 3072 ,

153 3119 268 3174 rem,
300 3099 365 3183 qui
395 3099 438 3170 in
477 3097 579 3163 vasis
614 3069 911 3172 absorbentibus
952 3097 1201 3175 continetur,
1233 3183 1235 3192 Ι

152 3203 365 3286 lympha
379 3223 414 3264 m
437 3203 570 3266 dicunt
581 3247 593 3282 ,
615 3210 745 3288 estque
765 3203 871 3267 iatex
889 3202 1044 3282 tenuis,
1068 3201 1203 3288 limpi-

152 3305 225 3370 dus
239 3350 249 3384 ,
265 3305 480 3390 pellucidus
490 3347 503 3390 ,
527 3328 571 3372 ex
589 3307 691 3372 flavo
711 3307 924 3383 virescens,
943 3327 1026 3374 sero
1046 3312 1205 3395 sangui·

152 3409 215 3474 nis
239 3407 288 3494 (§.
314 3411 413 3496 107.)
436 3410 599 3484 similis,
621 3416 660 3475 et
690 3401 824 3476 differt
847 3433 870 3475 a
892 3413 1006 3498 chylo
1031 3409 1081 3501 (5.
1099 3415 1206 3505 308.)

39 3563 43 3575 .
153 3503 196 3578 in
218 3535 261 3578 eo
275 3555 286 3592 ‚
308 3514 410 3599 quod
440 3515 568 3580 minus
593 3515 805 3590 habeatde
836 3517 1057 3596 albumine,
1083 3519 1209 3604 deque·

153 3618 349 3715 principio
381 3619 539 3687 fibroso.
572 3619 672 3702 Quia
691 3619 782 3686 ver'o
814 3619 986 3696 diversae
1007 3629 1097 3688 sunt
1121 3643 1209 3686 ma·

152 3723 296 3800 toriae,
321 3742 415 3808 quas
442 3729 610 3809 systema
641 3719 849 3789 absorbens
874 3727 916 3791 in
941 3727 1108 3791 diversis
1143 3745 1204 3788 re-

155 3827 251 3911 cipit
280 3815 466 3910 corporis'
487 3819 665 3912 partibus
696 3825 718 3908 (
731 3832 763 3904 ς.
791 3835 868 3909 380.
887 3830 935 3912 ),¹
961 3829 1047 3911 ipsa
1082 3828 1203 3892 ctiam

155 3931 317 4014 lympha
341 3927 497 4022 differre
513 3925 725 4014 plurimum
747 3930 872 3994 debet.
896 3933 948 3994 Eo
970 3935 1102 3992 tamen
1123 3950 1203 4004 non
1325 3973 1332 3994 .
1415 3957 1421 3968 ’

88 4053 90 4059 ⁴
157 4035 356 4120 obstante,
379 4033 637 4126 homogeneus
667 4033 709 4097 in
729 4033 849 4098 ramis
869 4031 1082 4126 majoribus
1104 4076 1115 4110 ,
1140 4031 1203 4105 jn,

149 4155 227 4220 que
248 4137 445 4204 thoracico
478 4137 592 4202 ductu
621 4137 822 4200 invenitur
846 4135 1008 4209 humor,
1032 4139 1070 4196 et
1096 4133 1203 4207 adsi·
1248 4213 1250 4222 s

138 4231 319 4322 ‘milatus
352 4237 517 4304 animali
552 4237 701 4322 corpori
731 4235 785 4304 sic
814 4240 894 4316 est,¹
912 4241 957 4300 ut
988 4235 1072 4300 sine
1094 4235 1203 4302 omni
