2892 5004
257 337 300 409 ss
329 317 1260 442 L1s.1.csr.11.Dsssmmrorassrrourg'

239 478 355 560 nlitas
378 480 444 564 a),
469 497 512 542 ac
531 479 802 563 praevalentes
825 480 873 544 ad
895 480 1067 546 cardiam
1089 483 1211 548 fibrae
1223 502 1312 548 mu

258 575 441 674 scolares.

268 749 273 758 ⁸
329 679 499 793 Homo
488 747 528 808 ru
552 733 779 810 aegrotante
799 729 939 792 saltem
960 735 1088 807 statu,
1110 731 1307 796 ventricu-

263 831 301 895 lo
323 829 549 894 immediate
575 832 643 895 aut
671 850 739 914 per
770 853 998 898 consensum,
1025 833 1206 908 irritato,
1240 853 1307 896 vo·

259 934 346 998 mit.
369 933 522 998 Dantur
541 939 674 998 tamen
700 936 879 998 nonnulli
892 937 981 1019 ,qui
999 935 1149 1018 ingesta
1161 954 1227 1018 per
1244 943 1311 1000 'ru-

258 1033 490 1100 minationis
513 1035 673 1100 modum
695 1036 746 1120 (ς.
767 1041 863 1124 278)
890 1039 1109 1102 voluntarie
1128 1039 1307 1114 reddunt,

261 1145 331 1203 aut
370 1138 435 1224 qui
462 1139 659 1204 nauseosis
685 1135 808 1218 ideis,
840 1141 976 1206 aliisve
1006 1143 1131 1206 causis
1162 1143 1210 1206 ad
1239 1161 1307 1204 vo

261 1241 449 1306 mendum
469 1221 584 1306 facile
604 1249 867 1326 provocantur
895 1244 956 1330 h)
984 1247 1140 1308 Monere
1172 1251 1306 1308 tamen

259 1345 465 1424 debemus,
488 1345 574 1410 dari
606 1347 828 1420 individua,
859 1367 956 1432 quae
985 1350 1032 1412 ob
1066 1349 1305 1432 peculiarem

145 1455 153 1468 ‘
257 1448 467 1514 ventriculi
489 1454 527 1514 et
547 1450 755 1534 oesophagi
787 1456 1022 1515 structuram
1053 1451 1160 1514 nullo
1187 1453 1303 1534 plane

239 1551 373 1618 'modo
383 1560 447 1630 ,ut
467 1553 675 1638 aliquoties
693 1555 876 1630 vidimus,
895 1555 1098 1620 ademesin
1114 1543 1303 1638 provoca-

207 1699 210 1706 ·
257 1657 293 1722 ri
324 1661 509 1743 possunt,
535 1678 780 1742 summosque
814 1660 1019 1742 patiuntur
1053 1661 1105 1723 ab·
1131 1660 1305 1723 emeticis

116 1788 121 1796 ¹
174 1752 176 1757 ’
260 1762 721 1847 cruciatus‚necexiguo
741 1763 846 1828 vitae
863 1763 1035 1848 periculo
1063 1765 1112 1828 ab
1143 1765 1304 1828 incauto

195 1945 198 1949 Ι
260 1865 485 1931 tentamine·
502 1865 765 1956 subjiciuntur
784 1867 832 1952 c).

344 2009 522 2075 A-causis
544 2008 585 2073 in
605 2009 873 2100 ventriculum·
891 2012 1119 2094 agentibus,
1148 2013 1302 2097 idiopa·

175 2175 179 2182 .
260 2115 379 2180 thiris
402 2115 464 2178 val
496 2116 779 2200 sympathiam.
809 2116 959 2199 saepius
983 2113 1059 2193 fir,
1092 2126 1130 2183 et
1159 2119 1304 2186 accidit
1364 2119 1368 2130 '

260 2221 506 2306 frequentius
526 2207 633 2303 apud'
645 2220 812 2296 debiles,
827 2221 1215 2304 *hypochondriacom
1246 2224 1307 2286 fe-

261 2323 391 2387 minas
412 2324 651 2408 hystericas,
670 2330 737 2387 aut
757 2325 826 2389 ubi
848 2323 954 2388 cibus
975 2325 1140 2388 sumitur
1173 2325 1304 2411 quali-

262 2432 344 2492 tate
357 2422 428 2491 'aut
446 2414 571 2492 nimia
592 2429 813 2512 quantitate
833 2446 1021 2511 peccans,
1049 2433 1092 2491 ut
1110 2416 1175 2492 aiir
1198 2429 1308 2494 intra

262 2531 526 2596 ventriculum
546 2531 745 2606 evolutus,
758 2539 796 2595 et
814 2531 891 2594 cibi
903 2552 1045 2615 vapore
1064 2531 1308 2616 inquinatus,

263 2640 376 2700 motu
397 2633 723 2716 antiperistaltico
753 2623 923 2698 cardiam
950 2649 1082 2699 versus
1114 2634 1306 2718 pellatur,

235 2763 239 2767 ·
262 2719 453 2825 hujusque
470 2738 690 2820 sphinctere
710 2743 930 2821 superato,
944 2756 1012 2819 per
1039 2739 1307 2822 oesophagum

213 2859 219 2874 ·
264 2849 304 2907 et
323 2863 363 2908 os
390 2849 567 2938 erumpat
588 2825 820 2929 (ructus).
842 2843 1096 2930 Regurgitant
1114 2847 1186 2910 hac
1208 2845 1306 2936 rati

263 2967 337 3011 one
357 2966 435 3010 non
458 2966 545 3010 raro
564 2951 602 3010 et
618 2930 695 3010 cibi
714 2946 780 3012 vix
802 2947 946 3008 mutati
963 2950 1032 3009 aut
1052 2947 1226 3024 rancidi,
1245 2945 1309 3008 vel

261 3069 391 3118 merus
412 3055 568 3115 tantum
590 3070 775 3137 aquosus,
796 3051 926 3116 acidus
945 3049 1192 3167 potissimum
1214 3069 1308 3112 ven·

187 3223 192 3232 ,
260 3154 395 3220 triculi
416 3156 568 3219 humor.

346 3298 403 3363 Ab
421 3297 495 3361 hac
516 3304 646 3362 autem
667 3298 974 3383 regurgitatione
985 3341 996 3373 ,
1021 3302 1106 3361 tum
1132 3299 1308 3380 sympto-

262 3401 461 3476 metibus,
480 3403 564 3464 tum
587 3399 709 3465 causis
729 3401 985 3466 efficientibus
1004 3397 1308 3482 ipsediffertvo·

264 3526 302 3570 m
319 3508 422 3571 itus
438 3547 448 3582 ,
470 3526 543 3592 quo
575 3511 766 3569 contenta
780 3507 820 3568 in
843 3503 1061 3568 ventriculo
1075 3502 1229 3576 omnia,
1241 3505 1310 3564 aut

262 3609 436 3694 plurima
457 3611 620 3682 saltem,
645 3609 692 3672 ad
712 3628 752 3671 os
770 3608 1023 3690 repelluntur.
1046 3602 1198 3670 Ponunt
1220 3625 1311 3671 cau·

265 3735 331 3779 sae
353 3715 506 3788 variae,
532 3723 630 3796 quae
656 3714 850 3789 vomitum
884 3712 1051 3775 excitare
1081 3710 1205 3774 solent
1235 3707 1306 3791 d),

264 3815 384 3882 initio
410 3817 636 3902 ingratum
625 3837 664 3880 sn
685 3815 922 3900 praecordiis
932 3831 1085 3878 sensum
1109 3809 1160 3893 (n
1170 3831 1192 3874 a
1204 3829 1310 3874 use-

265 3922 384 4006 am);
405 3941 494 3985 mox
515 3929 609 3986 vero
630 3927 667 3984 at
689 3920 821 3985 aliae
810 3942 851 3984 ln
873 3917 1174 4010 compassionem
1169 3897 1310 3980 addu-

112 4005 115 4025 ’
168 4023 191 4104 ᾗ
265 4031 418 4092 cuntur
431 4031 595 4108 partes·
625 4025 852 4108 producitur
878 4023 1036 4107 frigoris
1071 4026 1108 4084 et
1137 4021 1310 4087 horroris

240 4181 243 4190 ,
264 4147 398 4193 sensus
420 4125 469 4198 ad
491 4125 796 4209 spinamjdorsh
817 4149 910 4192 vasa
934 4125 1138 4210 capillaria
1156 4125 1312 4190 univer·

265 4232 301 4298 ai
318 4230 490 4317 corporis
510 4235 736 4319 systematis
754 4231 948 4320 gangliosi
976 4231 1216 4318 participant
1246 4228 1313 4294 ad-
