2898 4992
321 397 434 464 saer.
453 387 575 462 nna
597 401 711 460 moro
731 405 960 461 aesomnes.
1056 407 1059 412 ·
1104 395 1168 475 ads

121 540 173 608 lis
195 538 253 607 vis
275 539 372 604 elidi
393 539 476 605 fere
497 536 693 618 debuerit,
698 537 748 601 'ut
770 537 865 603 adeo
885 537 1078 604 humorin
1100 561 1171 605 an·

125 633 361 732 gustiseimis
387 659 487 706 nunc
527 639 775 716 canaliculis‚
806 639 873 727 qui
902 641 1019 704 simul
1049 643 1173 724 majo

103 767 208 817 *rem
241 743 497 828 capacitatem
528 741 679 807 habent
700 755 816 828 quam
848 741 1082 827 principales
1109 763 1172 812 ar·

124 852 315 920 terrarum
332 847 460 914 trunci
491 846 542 932 (ς.
576 861 647 930 ι5ι.
654 847 693 930 ),
723 845 802 910 nisi
832 846 994 928 propria
1024 847 1177 918 adesset

125 957 318 1042 energias
349 949 541 1018 retardari
582 948 788 1014 admodum
829 945 996 1015 deberet.
1048 949 1171 1017 vitali

124 1059 246 1144 igitur
285 1075 418 1121 eorum
457 1069 638 1120 vasorum
678 1050 836 1135 energia
876 1049 915 1116 et
955 1057 1171 1133 spontaneo

124 1159 302 1230 humoris
331 1155 467 1227 vitalis
498 1158 609 1222 motu
622 1151 651 1240 “(
659 1159 687 1234 t.
722 1151 830 1242 394.)
850 1153 1055 1238 praecipue
1081 1155 1171 1237 pro*

127 1275 304 1334 movetur
335 1265 501 1352 sanguis.
532 1259 750 1344 Respondet
780 1261 843 1325 his
873 1279 1078 1326 nervorum
1113 1262 1175 1326 in

128 1371 249 1458 signis
280 1369 393 1460 copie
431 1371 470 1432 et
497 1381 692 1432 summus
711 1361 998 1429 irritabilitatis
1034 1363 1180 1450 gradus
1281 1411 1283 1416 ,

125 1474 181 1556 4(
165 1481 211 1552 ις.
242 1484 310 1556 ι54.
352 1471 423 1538 166.
435 1469 456 1556 J
476 1511 488 1545 ,
522 1465 661 1582 quibus
702 1466 888 1552 capillare
927 1465 1070 1555 gaudet
1109 1487 1174 1554 sy·

126 1582 277 1652 stema,
296 1573 507 1689 quibusque
527 1566 683 1666 sanguis
704 1586 774 1650 pro
806 1575 918 1650 parte
948 1570 990 1636 in
1017 1589 1086 1640 eus
1116 1591 1174 1634 re·

123 1677 294 1757 solvitur
313 1671 533 1760 principia,
553 1675 597 1752 ut
634 1689 753 1739 noves
784 1670 884 1736 inire
915 1673 1038 1760 possit
1061 1674 1176 1740 unio·

128 1801 193 1848 nes
217 1781 278 1865 (§§.
298 1787 372 1862 348.
391 1773 510 1861 355.),
526 1779 637 1858 perte
656 1773 778 1838 altera
798 1775 983 1886 continuo
1012 1781 1177 1846 tramite

129 1885 172 1952 in
188 1904 374 1952 venosum
392 1880 562 1966 systema
580 1885 772 1973 promote.

130 2119 135 2128 ,
213 2015 412 2134 Recipitur
430 2009 615 2132 sanguis,
634 2010 881 2138 phlogisticis
914 2047 1119 2134 principiis
1138 2055 1183 2116 et

127 2156 169 2220 ei
188 2153 398 2238 expansiva
420 2154 578 2226 auctus,
600 2168 624 2212 a
644 2167 788 2236 vanoso
810 2157 1043 2236 systemate,
1076 2157 1182 2246 quod

127 2255 370 2339 majoresne
394 2252 601 2336 respondet
622 2255 837 2338 capacitate
861 2251 1056 2346 (§158..)
1087 2260 1179 2327 Pro-

58 2379 68 2399 ·
131 2364 294 2426 movent
316 2362 446 2442 eutem
466 2375 585 2420 venae
607 2354 811 2422 humorem
830 2363 1059 2424 contentum
1092 2383 1178 2428 coo-

132 2459 357 2560 perantibus
381 2433 629 2540 adminiculis
659 2457 801 2540 variis,
833 2477 998 2548 quorum
1024 2466 1176 2551 praeci-

131 2582 246 2652 pua
231 2581 445 2632 memorare
465 2563 660 2636 volumus
724 2629 728 2640 ¹

221 2732 260 2818 ι)
285 2725 533 2793 Contractilis
555 2745 733 2792 vasorum
752 2727 998 2812 capillariam
1024 2705 1180 2795 vissanss.

128 2837 289 2920 guinem
312 2835 353 2898 in
373 2851 489 2896 venas
510 2838 642 2916 urget,
674 2837 770 2918 cq'ue
800 2836 919 2900 ramis
951 2835 991 2900 in
1024 2819 1180 2900 truncos

133 2941 347 3024 promovet.
370 2934 567 3018 Quidquid
585 2935 706 3020 igitur
731 2937 930 3026 capillaria
957 2941 1181 3024 systematis
1256 2915 1261 2931 ¹

133 3049 249 3126 auget
274 3039 567 3120 incitationem,
598 3059 663 3106 eeu
691 3039 733 3106 id
764 3039 916 3106 occidat
944 3044 985 3112 in
1018 3059 1179 3128 corpore

134 3147 341 3222 universo,
361 3141 490 3210 ‘eeuin
510 3148 794 3225 senescentum
818 3143 1179 3232 sliquaoonttngat.

133 3251 323 3320 refluxum
347 3245 465 3312 simul
483 3251 686 3326 promovet
706 3248 893 3314 humoris·
916 3251 968 3314 Ειι
991 3271 1038 3316 eo
1061 3250 1184 3333 igitur

134 3361 213 3430 est,
240 3351 340 3437 quod
359 3348 601 3414 irritationes
620 3349 775 3450 topicae
793 3350 1002 3418 uniuersae
1023 3352 1181 3436 sangui·

135 3459 197 3524 nie
219 3472 368 3518 massae
391 3451 602 3526 accelerent
623 3451 850 3530 circuitum,
870 3452 961 3520 licet
989 3457 1027 3520 et
1057 3455 1184 3534 perti·

138 3581 206 3628 um
226 3576 429 3624 consensus
461 3553 512 3636 (ς.
534 3551 630 3636 cto.)
659 3554 873 3637 plurimum
900 3555 973 3619 hic.
995 3556 1182 3620 conferat.

136 3661 388 3730 Necsdubium
408 3666 486 3737 est,
510 3673 639 3724 causas
660 3659 745 3722 dari
769 3663 914 3734 certas,
934 3671 1029 3746 quae
1042 3659 1184 3723 insan-

137 3768 294 3853 guinem
313 3765 438 3847 ipsum
456 3761 600 3828 directe
623 3769 762 3847 agant,
776 3764 1016 3829 vitalitatem
1036 3761 1128 3848 ejus,
1144 3768 1187 3828 et

139 3871 268 3940 simul
286 3875 432 3934 motum
467 3873 725 3952 spontaneum
758 3873 923 3952 augeant
951 3869 1022 3930 aut
1054 3864 1182 3952 depri-

140 3979 253 4053 mant
270 3971 323 4060 (t.
351 3987 421 4038 ιιι.
442 3987 480 4032 n.
497 3969 553 4057 3).
595 3971 602 3978 “
631 3975 635 3984 ’

165 4202 167 4208 ,
221 4139 258 4222 u)
284 4133 495 4202 Conferant
512 4149 698 4196 venarum
708 4131 875 4216 parietes
895 4128 1181 4216 adpromoven·
1293 4183 1295 4188 .

139 4225 233 4322 dum
249 4256 379 4324 versus
400 4254 463 4300 cor
482 4233 708 4316 sanguinem
727 4234 968 4306 elasticesua
987 4235 1048 4334 rt,
1061 4237 1205 4329 siquis
1231 4271 1233 4275 -
