2922 4996
256 401 368 469 sacr.
387 398 432 464 ΙΙ.
451 399 510 464 Da
529 407 845 470 curcrronnrsr.
870 407 916 470 11.
935 415 1076 474 aaran.
1135 427 1193 492 139

154 568 242 626 cum
263 545 484 612 bronchieli
498 542 689 630 quandam
710 548 817 612 fovet
839 551 1098 620 adfinitatem.
1116 556 1194 620 Huc

153 654 277 728 stiam
301 653 514 733 suspectat
538 648 781 726 observatio,
806 653 907 738 quod
928 655 1047 740 hepar
1070 659 1195 736 consi.

152 757 301 841 stentia
322 755 396 819 sua'
417 759 455 816 et
474 752 668 816 volumina
692 761 849 820 auctum
870 759 970 842 apud
994 759 1196 836 individua

155 880 201 922 aa
232 858 479 930 inveniatur,
507 875 602 942 quae
632 856 766 921 morbo
797 860 852 922 sic
888 861 991 926 dicto
1021 867 1194 928 caeruleo

154 965 359 1036 laborant,
385 960 496 1044 quasi
520 965 602 1020 tum
622 963 762 1022 natura
783 965 1015 1028 ¹restrictam
1043 969 1195 1050 pulmo·

155 1067 220 1130 nis
242 1063 482 1128 functionem
512 1061 658 1128 vicario
675 1062 805 1128 ¹rrrsrdo
838 1069 1014 1150 supplere
1043 1068 1196 1134 adnita-

152 1177 219 1234 tur
242 1167 298 1253 b).

235 1311 388 1388 Praeter
408 1313 502 1383 haec
523 1311 655 1400 aliqua
676 1335 752 1380 assa
772 1309 1013 1396 peculiaria,
1033 1315 1072 1376 at
1095 1330 1191 1374 non·

150 1414 245 1482 dum
267 1419 362 1484 satis
390 1417 545 1500 cognita
575 1417 708 1500 hepati
729 1437 904 1490 munera,
924 1415 1027 1478 ultro
1058 1431 1193 1496 porra-

154 1540 226 1604 que
246 1521 502 1604 agnoscimus.
534 1519 572 1586 Si
594 1519 696 1584 anim
725 1519 880 1584 visceris
912 1515 1193 1582 consideramus

148 1622 386 1706 ppculiaram
415 1621 605 1688 fabricam
638 1627 676 1686 at
704 1623 915 1688 maximam
944 1622 1047 1688 intas
1072 1637 1192 1682 sacar·

148 1728 288 1792 nentia
304 1746 449 1812 organa
466 1727 624 1800 molam,
653 1745 812 1815 cumque
834 1727 1007 1792 humoris
1037 1725 1192 1812 quanti·

149 1835 257 1922 tate,
279 1847 375 1914 quae
391 1849 525 1894 renum
549 1830 757 1898 secretione
781 1829 903 1894 multo
930 1829 1092 1896 inferior
1116 1833 1192 1906 est,

152 1939 418 2014 conferamus3
442 1937 475 2002 si
506 1938 778 2013 advertamus,
808 1937 908 2024 quod
931 1939 1058 2004 viscus
1088 1935 1190 2000 idam

151 2059 238 2102 cum
273 2039 385 2104 corde
417 2045 455 2104 at
493 2043 645 2106 cerebro
681 2047 771 2106 ante
804 2041 938 2106 omnia
969 2039 1191 2116 evolvatur,

149 2149 310 2226 tamque
345 2161 545 2212 commune
583 2143 635 2208 ait
663 2141 898 2208 animalibus
938 2161 1133 2226 organonr
1159 2143 1192 2205 si

148 2244 422 2328 respiciamus,
441 2243 482 2308 id
510 2262 681 2330 organon
702 2243 743 2308 in
773 2243 918 2308 morbis
949 2240 1128 2326 plurimis
1151 2241 1192 2306 in

150 2365 305 2410 scenam
337 2343 498 2422 adduci,
526 2351 564 2409 et
591 2351 673 2410 tam
700 2347 834 2415 multis
871 2347 1080 2410 obnoxium
1113 2365 1192 2408 essa

146 2445 339 2520 morbosis
370 2447 770 2532 metamorphosibusr
792 2449 825 2514 si
858 2447 1022 2536 denique
1046 2445 1191 2530 recogi·

148 2558 295 2626 temus,
320 2555 465 2636 quanta
506 2551 559 2616 sit
587 2551 712 2616 animi
744 2559 918 2616 motuum
949 2553 990 2618 in
1020 2571 1191 2636 organon

149 2655 254 2719 idem
274 2651 469 2736 potentia,
489 2657 527 2716 et
548 2659 734 2738 quantum
756 2654 836 2738 ipae
860 2653 1002 2720 iterum
1032 2653 1190 2718 moralis

146 2758 354 2826 hominum
387 2755 610 2834 character,
639 2764 987 2842 temperamentum
1012 2763 1059 2820 ut
1090 2755 1191 2831 indi-

73 2873 83 2888 *
146 2864 268 2936 vidua
309 2861 538 2934 constitutio
577 2883 644 2946 par
686 2866 840 2948 hepatis
882 2861 1190 2948 determinentur

148 2969 436 3046 conditionems
469 2967 554 3034 Pla
573 2971 660 3041 ton
677 2969 690 3034 i
702 3013 713 3048 ‚
740 2969 903 3056 aliisque
933 2965 1071 3032 veteris
1102 2963 1189 3042 aevi

145 3070 398 3154 scriptoribus
418 3067 468 3152 (5³
488 3069 571 3152 τῇ),
590 3069 724 3153 hepati
745 3071 924 3136 altiorem
953 3069 1189 3153 dignitatem

144 3171 627 3251 tribuentibus,adsantiri
645 3175 725 3239 fera
748 3173 939 3240 dabamus.
962 3173 1005 3237 In
1025 3191 1099 3258 quo
1122 3192 1188 3236 aue

143 3289 223 3356 tem
242 3275 398 3362 propria
418 3275 513 3356 haec
537 3275 719 3342 consistat
738 3275 891 3359 hepatis
914 3273 1187 3348 functio,nec·

147 3383 240 3446 dum
271 3376 456 3452 innotuit.
490 3381 547 3444 An
578 3377 898 3464 imponderabilis
932 3375 1068 3442 biotici
1102 3377 1187 3442 fons

147 3483 406 3568 praecipuus,
441 3487 625 3566 quantum
659 3479 699 3560 id
728 3480 958 3564 vegetativis
998 3477 1186 3568 prospicit

145 3580 427 3668 functionibus,
439 3587 476 3646 st
495 3582 737 3668 gangliorum
760 3583 910 3648 animat
923 3585 1104 3670 systema,
1119 3581 1183 3648 hic
1238 3588 1259 3630 ἱ

128 3675 336 3775 supponi,
367 3690 404 3750 et
435 3685 561 3769 ipsum
588 3687 742 3770 hepar
772 3705 861 3777 pro
885 3673 1004 3752 varo
1037 3685 1184 3762 abdo·

144 3786 331 3864 minali
374 3788 585 3876 cerebro,
621 3788 760 3874 haberi
796 3808 874 3851 non
910 3785 1084 3856 debeat?
1116 3789 1182 3851 Ce-

144 3903 273 3978 terum
303 3891 437 3975 gravia
466 3897 556 3957 sunt
585 3893 651 3956 cel.
683 3891 915 3980 Hsnrmsrus
949 3893 1180 3978 arguments

143 3999 204 4083 c),
231 3993 368 4078 quibus
395 3991 593 4058 ostendere
620 3991 781 4070 nititur,
800 3993 920 4074 hepar
950 3989 1182 4068 adsimilati-

144 4102 211 4188 oni
236 4095 354 4164 simul
381 4096 618 4178 praesectum
649 4117 752 4175 esse,
772 4094 894 4183 quod,
924 4111 1091 4180 quanam
1114 4093 1180 4160 via
1231 4089 1233 4098 ’

142 4208 316 4296 accidere
329 4205 458 4300 'possit
471 4243 482 4283 ,
504 4205 619 4292 paulo
641 4201 802 4289 interius
829 4198 1097 4308 disquiramus,
