2892 5004
837 171 921 234 ,ι’

215 377 220 385 “
274 381 336 457 642
359 371 446 437 ιιι.
468 365 498 432 1.
519 369 612 434 car»
633 364 679 432 11.
690 364 750 430 De
762 331 1235 438 'arrunconrcnsrrorn
1336 409 1345 428 .

277 525 384 590 diam
397 521 435 582 et
454 514 637 601 pylorum
657 504 835 576 visibiles
858 516 1013 576 tantum
1030 519 1133 591 eunt,
1146 533 1233 582 oum
1248 516 1322 581 alii

276 627 374 693 adeo
405 633 607 684 carnosum
646 613 793 678 habent
820 617 1089 693 stomachum,
1117 623 1162 682 ut
1197 599 1324 684 strata

277 723 514 800 muscularia
533 740 601 806 per
623 725 777 783 omnem
799 720 937 803 organi
961 717 1154 786 ambitum
1166 723 1215 786 ad
1236 725 1322 807 plu·

275 859 336 905 res
357 835 481 900 lineas
502 826 582 890 sint
602 842 748 900 crassa„
763 823 858 886 Sunt
880 823 1024 887 iterum
1045 825 1137 903 alii,
1158 827 1324 891 ubimu-

277 955 454 1025 cosarum
475 932 700 1019 cryptarum
729 931 919 1004 stratum,
948 931 1162 1008 musculas-i
1182 937 1220 996 et
1250 954 1323 998 va·

261 1044 453 1112 ,oculosae
482 1031 640 1099 tunicae
673 1028 924 1143 intersertum
953 1031 1152 1098 invenitur
1187 1034 1249 1120 b).
1280 1070 1323 1085 -

276 1145 494 1232 Raptilium
514 1134 751 1223 ventriculus
777 1126 941 1200 eandem
970 1138 1219 1220 potissimum
1250 1138 1323 1204 ha·

274 1254 343 1320 bet
366 1239 689 1334 cumoesophego
708 1237 924 1317 fabricam
946 1237 1174 1306 destituitur
1196 1242 1323 1326 pluri·

275 1370 384 1420 mum
405 1361 511 1411 sacco
532 1360 666 1415 caeco,
689 1343 819 1424 estque
841 1341 988 1416 oval-is,
1011 1343 1199 1426 oblongae
1220 1343 1323 1429 figu-

276 1477 356 1524 rae.
384 1447 564 1514 'Parietes
594 1447 728 1506 tenues
751 1447 800 1506 'et
823 1444 1009 1532 pelluoidi
1054 1464 1133 1510 esse
1175 1447 1323 1524 solent,

165 1589 169 1596 ·
276 1549 508 1628 muscularis
529 1545 665 1610 tunica
687 1543 866 1627 gracilis,
880 1551 918 1608 et
939 1547 1148 1630 vasculosa
1164 1550 1324 1614 cumin·

177 1641 180 1650 ¹
209 1721 211 1730 .
273 1665 379 1730 tima
399 1656 441 1720 in
462 1668 582 1715 unum
603 1647 747 1728 juncta.
777 1646 940 1744 Valvuula
967 1650 1099 1747 pylori
1133 1650 1175 1716 in
1198 1653 1325 1736 pluri·

276 1752 356 1834 mis
376 1753 627 1824 desideratur·
652 1751 866 1814 Occurrunt
886 1756 1017 1816 tamen
1048 1753 1090 1816 in
1110 1755 1233 1818 variis
1261 1777 1324 1819 re·

276 1868 441 1957 pt'ilium
456 1841 624 1924 'familiis
646 1855 821 1924 diversae
842 1854 980 1918 harum
999 1857 1174 1948 partium
1197 1859 1324 1926 varie-

278 1981 381 2042 tates
404 1969 452 2053 o).
832 1973 837 1982 '

363 2117 459 2181 Aves
489 2109 697 2192 pleraeque
723 2101 872 2188 triplici
912 2103 1036 2171 ferme
1074 2105 1325 2176 instruuntur

277 2217 510 2288 ventriculo.
533 2207 760 2276 Intumescit
777 2227 914 2290 nempe
937 2210 1175 2296 oesophagus
1188 2213 1326 2284 inferi-

280 2346 344 2392 ore
363 2321 454 2386 colli
472 2320 582 2402 parte
603 2313 644 2376 in
666 2329 819 2376 saccum
839 2309 1046 2394 insigniter
1063 2311 1326 2396 dilatabilem,

278 2417 348 2496 'sub
370 2424 455 2509 ipsa
471 2426 555 2484 cute
572 2413 793 2490 visibilem,
816 2414 1033 2478 musculoso
1045 2448 1062 2465 -
1076 2419 1324 2482 membrana.

278 2549 388 2595 ceum
400 2571 410 2606 ,
431 2519 729 2610 glandulosum,
751 2513 929 2599 succique
960 2514 1141 2598 plenum,
1164 2520 1234 2604 qui
1253 2520 1324 2585 in·

278 2629 453 2719 gluvie
468 2625 489 2689 ε’
507 2623 661 2688 dicitur.
684 2617 879 2683 Maximae
901 2617 1015 2680 molis
1040 2612 1233 2702 ingluvies
1244 2641 1325 2687 cer-

207 2809 210 2818 Δ
280 2735 389 2802 nitur
408 2730 449 2794 in
474 2723 608 2812 avibus
629 2719 873 2806 granivoris‚
892 2719 961 2782 ubi
980 2717 1021 2782 in
1043 2721 1246 2803 globosam
1259 2745 1324 2789 ex·

243 2889 247 2913 ,
279 2835 465 2926 panditur
486 2819 652 2894 vesicam
666 2845 677 2903 ς
690 2823 796 2888 deest
813 2828 950 2908 tamen,
966 2823 1188 2889 Struthioni
1212 2825 1323 2893 eliis·

280 2965 354 3030 que
377 2931 616 3026 granivoris,
638 2937 722 2994 tum
751 2924 944 3011 plerisque
979 2925 1206 2992 carnivoris.
1238 2933 1323 2996 Mo·
1356 2961 1359 2970 Δ

279 3053 390 3114 ratur
415 3039 523 3104 cibus
541 3037 714 3120 ingestus
736 3029 778 3092 in
795 3029 868 3092 hoc
881 3048 987 3090 sacco
1008 3049 1050 3091 eo
1064 3028 1235 3109 diutius,
1249 3050 1324 3118 quo
1356 3075 1361 3082 ·

277 3148 411 3217 durior
436 3139 578 3216 fuerit,
610 3137 825 3200 maceratur
853 3131 895 3194 in
932 3152 1041 3197 succo
1070 3139 1241 3210 secreto,
1284 3143 1325 3202 et

277 3247 529 3340 praeparatur
549 3261 618 3324 pro
638 3233 828 3298 ulteriore
851 3231 1094 3316 digestione„
1113 3233 1323 3305 Peculiaris

282 3359 340 3420 est
358 3340 574 3414 Huntari
594 3335 837 3413 observatio,
861 3335 961 3421 quod
978 3337 1169 3418 ingluvies
1191 3342 1325 3408 avium

281 3451 550 3542 (femellarum
573 3449 611 3507 et
631 3439 837 3528 marium),
849 3459 943 3524 quae
964 3441 1091 3523 pullos
1110 3461 1195 3508 suos
1213 3447 1326 3510 alunt

281 3550 546 3629 incubationis
574 3552 749 3626 tempore
779 3542 1010 3607 intumescat
1024 3584 1034 3617 ,
1054 3539 1325 3628 glandulo'sam

249 3650 257 3666 Χ
283 3662 451 3746 accipiat
470 3649 666 3719 indolem,
685 3665 778 3708 vasa
797 3644 878 3728 ejus
898 3645 1058 3731 turgida·
1084 3639 1322 3727 reddantur,

240 3755 245 3764 ⁴
283 3783 396 3862 atque
416 3759 598 3834 materies
620 3773 772 3816 ceseosa
791 3753 833 3816 in
856 3753 1059 3836 iuvenibus
1093 3756 1237 3831 etiam,
1266 3779 1325 3822 se·

282 3877 460 3950 cernatur
473 3907 485 3942 ,
505 3879 600 3947 quae
622 3856 665 3919 in
688 3855 842 3922 senibus
859 3863 946 3938 post
973 3863 1152 3943 octavum
1183 3860 1233 3923 eb
1259 3882 1324 3926 ex.

284 3984 455 4056 elusione
474 3971 578 4035 diem
600 3965 732 4030 deficit
755 3964 813 4052 d).
836 3967 942 4030 Infra
972 3965 1188 4048 ingluviem
1217 3987 1325 4032 oeso-

279 4091 431 4178 Phggus
451 4057 716 4144 contrahitur,
738 4089 944 4155 rursusque
967 4068 1007 4131 in
1030 4068 1112 4149 ipso
1144 4067 1325 4135 abdomi-

280 4196 346 4262 nis
371 4195 465 4252 cavo
488 4174 531 4239 in
557 4173 719 4238 bulbum
754 4170 1003 4250 intumescit,
1033 4168 1223 4234 minorem
1255 4191 1326 4254 po-

280 4290 500 4366 tissimum,
519 4276 695 4361 evalem,
716 4273 881 4361 copiosis
904 4271 1100 4360 glandulis
1120 4271 1327 4354 refertum,
1391 4281 1398 4294 ·

1226 4393 1324 4460 spu-
