<?xml version="1.0" encoding="UTF-8"?>
<!DOCTYPE html PUBLIC "-//W3C//DTD XHTML 1.0 Transitional//EN"
    "http://www.w3.org/TR/xhtml1/DTD/xhtml1-transitional.dtd">
<html xmlns="http://www.w3.org/1999/xhtml" xml:lang="en" lang="en">
 <head>
  <title>
</title>
<meta http-equiv="Content-Type" content="text/html;charset=utf-8" />
  <meta name='ocr-system' content='tesseract 3.04.00' />
  <meta name='ocr-capabilities' content='ocr_page ocr_carea ocr_par ocr_line ocrx_word'/>
</head>
<body>
  <div class='ocr_page' id='page_1' title='image "./physiologiamedi03lenhgoog_0298.png"; bbox 0 0 2694 4994; ppageno 0'>
   <div class='ocr_carea' id='block_1_1' title="bbox 150 421 1074 504">
    <p class='ocr_par' dir='ltr' id='par_1_1' title="bbox 150 421 1074 504">
     <span class='ocr_line' id='line_1_1' title="bbox 150 421 1074 504; baseline -0.008 -14"><span class='ocrx_word' id='word_1_1' title='bbox 150 421 518 490; x_wconf 77' lang='lat' dir='ltr'><strong>srer.V.Dn-.reon1s</strong></span> <span class='ocrx_word' id='word_1_2' title='bbox 540 431 692 491; x_wconf 77' lang='lat' dir='ltr'><strong>srucuc.</strong></span> <span class='ocrx_word' id='word_1_3' title='bbox 714 430 926 491; x_wconf 74' lang='lat' dir='ltr'><strong>ursrrmr,</strong></span> <span class='ocrx_word' id='word_1_4' title='bbox 1009 434 1074 504; x_wconf 75' lang='lat'><strong>³07</strong></span> 
     </span>
    </p>
   </div>
   <div class='ocr_carea' id='block_1_2' title="bbox 165 585 944 860">
    <p class='ocr_par' dir='ltr' id='par_1_2' title="bbox 165 585 944 860">
     <span class='ocr_line' id='line_1_2' title="bbox 493 585 636 667; baseline 0.028 -4"><span class='ocrx_word' id='word_1_5' title='bbox 493 591 522 663; x_wconf 84' lang='lat'><strong>§-</strong></span> <span class='ocrx_word' id='word_1_6' title='bbox 563 585 636 667; x_wconf 79' lang='grc'>346·</span> 
     </span>
     <span class='ocr_line' id='line_1_3' title="bbox 165 771 944 860; baseline -0.001 -1"><span class='ocrx_word' id='word_1_7' title='bbox 165 795 351 860; x_wconf 85' lang='lat' dir='ltr'><strong>Suetus.</strong></span> <span class='ocrx_word' id='word_1_8' title='bbox 381 771 625 858; x_wconf 78' lang='lat' dir='ltr'><strong>Sorbitio.</strong></span> <span class='ocrx_word' id='word_1_9' title='bbox 660 793 944 858; x_wconf 87' lang='lat' dir='ltr'><strong>Osculatio.</strong></span> 
     </span>
    </p>
   </div>
   <div class='ocr_carea' id='block_1_3' title="bbox 39 974 1080 2600">
    <p class='ocr_par' dir='ltr' id='par_1_3' title="bbox 39 974 1080 2600">
     <span class='ocr_line' id='line_1_4' title="bbox 126 974 1076 1062; baseline -0.008 -21"><span class='ocrx_word' id='word_1_10' title='bbox 126 975 390 1062; x_wconf 86' lang='lat' dir='ltr'><strong>Inspiretionis</strong></span> <span class='ocrx_word' id='word_1_11' title='bbox 412 974 554 1058; x_wconf 85' lang='lat' dir='ltr'><strong>species</strong></span> <span class='ocrx_word' id='word_1_12' title='bbox 577 979 632 1038; x_wconf 85' lang='lat' dir='ltr'><strong>est</strong></span> <span class='ocrx_word' id='word_1_13' title='bbox 651 995 666 1038; x_wconf 89' lang='lat' dir='ltr'><strong>s</strong></span> <span class='ocrx_word' id='word_1_14' title='bbox 683 996 705 1038; x_wconf 93' lang='lat' dir='ltr'><strong>u</strong></span> <span class='ocrx_word' id='word_1_15' title='bbox 718 995 734 1038; x_wconf 95' lang='lat' dir='ltr'><strong>c</strong></span> <span class='ocrx_word' id='word_1_16' title='bbox 747 979 843 1054; x_wconf 87' lang='lat' dir='ltr'><strong>tus,</strong></span> <span class='ocrx_word' id='word_1_17' title='bbox 858 997 942 1045; x_wconf 90' lang='lat' dir='ltr'><strong>cum</strong></span> <span class='ocrx_word' id='word_1_18' title='bbox 966 1001 1076 1048; x_wconf 91' lang='lat' dir='ltr'><strong>nem.</strong></span> 
     </span>
     <span class='ocr_line' id='line_1_5' title="bbox 56 1079 1077 1172; baseline 0.005 -28"><span class='ocrx_word' id='word_1_19' title='bbox 56 1098 95 1162; x_wconf 89' lang='lat' dir='ltr'><strong>pe</strong></span> <span class='ocrx_word' id='word_1_20' title='bbox 114 1084 173 1145; x_wconf 86' lang='lat' dir='ltr'><strong>a&#39;e&#39;r</strong></span> <span class='ocrx_word' id='word_1_21' title='bbox 195 1083 234 1145; x_wconf 90' lang='lat' dir='ltr'><strong>in</strong></span> <span class='ocrx_word' id='word_1_22' title='bbox 253 1100 345 1144; x_wconf 87' lang='lat' dir='ltr'><strong>cavo</strong></span> <span class='ocrx_word' id='word_1_23' title='bbox 366 1079 442 1144; x_wconf 83' lang='lat' dir='ltr'><strong>oris</strong></span> <span class='ocrx_word' id='word_1_24' title='bbox 464 1085 667 1172; x_wconf 83' lang='lat' dir='ltr'><strong>contentus</strong></span> <span class='ocrx_word' id='word_1_25' title='bbox 680 1125 692 1161; x_wconf 92' lang='lat'><strong>,</strong></span> <span class='ocrx_word' id='word_1_26' title='bbox 714 1081 820 1146; x_wconf 81' lang='lat' dir='ltr'><strong>facta</strong></span> <span class='ocrx_word' id='word_1_27' title='bbox 844 1081 1077 1167; x_wconf 87' lang='lat' dir='ltr'><strong>adspiratio·</strong></span> 
     </span>
     <span class='ocr_line' id='line_1_6' title="bbox 56 1179 1077 1266; baseline 0.006 -20"><span class='ocrx_word' id='word_1_28' title='bbox 56 1203 96 1246; x_wconf 91' lang='lat' dir='ltr'><strong>ne</strong></span> <span class='ocrx_word' id='word_1_29' title='bbox 123 1183 292 1264; x_wconf 87' lang='lat' dir='ltr'><strong>majore,</strong></span> <span class='ocrx_word' id='word_1_30' title='bbox 328 1181 489 1258; x_wconf 87' lang='lat' dir='ltr'><strong>rarefit,</strong></span> <span class='ocrx_word' id='word_1_31' title='bbox 519 1189 556 1246; x_wconf 90' lang='lat' dir='ltr'><strong>et</strong></span> <span class='ocrx_word' id='word_1_32' title='bbox 590 1179 782 1266; x_wconf 87' lang='lat' dir='ltr'><strong>liquidum</strong></span> <span class='ocrx_word' id='word_1_33' title='bbox 818 1184 1077 1252; x_wconf 87' lang='lat' dir='ltr'><strong>hauriendum</strong></span> 
     </span>
     <span class='ocr_line' id='line_1_7' title="bbox 55 1284 1079 1369; baseline 0.009 -24"><span class='ocrx_word' id='word_1_34' title='bbox 55 1284 142 1349; x_wconf 74' lang='lat' dir='ltr'><strong>uiris</strong></span> <span class='ocrx_word' id='word_1_35' title='bbox 162 1285 304 1352; x_wconf 81' lang='lat' dir='ltr'><strong>externi</strong></span> <span class='ocrx_word' id='word_1_36' title='bbox 324 1285 517 1369; x_wconf 84' lang='lat' dir='ltr'>pressione</span> <span class='ocrx_word' id='word_1_37' title='bbox 539 1285 581 1348; x_wconf 87' lang='lat' dir='ltr'><strong>in</strong></span> <span class='ocrx_word' id='word_1_38' title='bbox 604 1306 643 1348; x_wconf 89' lang='lat' dir='ltr'><strong>os</strong></span> <span class='ocrx_word' id='word_1_39' title='bbox 668 1287 910 1368; x_wconf 84' lang='lat' dir='ltr'><strong>propellitur.</strong></span> <span class='ocrx_word' id='word_1_40' title='bbox 919 1289 1079 1354; x_wconf 61' lang='lat' dir='ltr'><strong>{Instin-</strong></span> 
     </span>
     <span class='ocr_line' id='line_1_8' title="bbox 57 1386 1077 1472; baseline 0.005 -25"><span class='ocrx_word' id='word_1_41' title='bbox 57 1390 110 1448; x_wconf 86' lang='lat' dir='ltr'><strong>ctu</strong></span> <span class='ocrx_word' id='word_1_42' title='bbox 130 1394 353 1469; x_wconf 86' lang='lat' dir='ltr'><strong>provocatus</strong></span> <span class='ocrx_word' id='word_1_43' title='bbox 372 1387 500 1450; x_wconf 81' lang='lat' dir='ltr'><strong>infans</strong></span> <span class='ocrx_word' id='word_1_44' title='bbox 522 1388 580 1449; x_wconf 89' lang='lat' dir='ltr'><strong>lac</strong></span> <span class='ocrx_word' id='word_1_45' title='bbox 603 1387 707 1470; x_wconf 84' lang='lat' dir='ltr'><strong>sugit</strong></span> <span class='ocrx_word' id='word_1_46' title='bbox 729 1386 843 1450; x_wconf 91' lang='lat' dir='ltr'><strong>modo</strong></span> <span class='ocrx_word' id='word_1_47' title='bbox 867 1395 1077 1472; x_wconf 77' lang='lat' dir='ltr'><strong>sequentes</strong></span> 
     </span>
     <span class='ocr_line' id='line_1_9' title="bbox 55 1489 1080 1574; baseline 0.006 -25"><span class='ocrx_word' id='word_1_48' title='bbox 55 1489 208 1570; x_wconf 84' lang='lat' dir='ltr'><strong>applicat</strong></span> <span class='ocrx_word' id='word_1_49' title='bbox 229 1490 333 1554; x_wconf 85' lang='lat' dir='ltr'><strong>labia</strong></span> <span class='ocrx_word' id='word_1_50' title='bbox 356 1489 433 1554; x_wconf 86' lang='lat' dir='ltr'><strong>oris</strong></span> <span class='ocrx_word' id='word_1_51' title='bbox 452 1489 564 1574; x_wconf 57' lang='lat' dir='ltr'><strong>circa,</strong></span> <span class='ocrx_word' id='word_1_52' title='bbox 582 1497 774 1553; x_wconf 78' lang='lat' dir='ltr'>mammae</span> <span class='ocrx_word' id='word_1_53' title='bbox 800 1491 1014 1572; x_wconf 80' lang='lat' dir='ltr'><strong>papillam,</strong></span> <span class='ocrx_word' id='word_1_54' title='bbox 1040 1497 1080 1555; x_wconf 91' lang='lat' dir='ltr'><strong>et</strong></span> 
     </span>
     <span class='ocr_line' id='line_1_10' title="bbox 55 1587 1079 1686; baseline 0.005 -35"><span class='ocrx_word' id='word_1_55' title='bbox 55 1593 206 1656; x_wconf 80' lang='lat' dir='ltr'><strong>retrahit</strong></span> <span class='ocrx_word' id='word_1_56' title='bbox 225 1593 423 1676; x_wconf 83' lang='lat' dir='ltr'><strong>linguam,</strong></span> <span class='ocrx_word' id='word_1_57' title='bbox 443 1587 541 1654; x_wconf 91' lang='lat' dir='ltr'><strong>unde</strong></span> <span class='ocrx_word' id='word_1_58' title='bbox 571 1588 740 1674; x_wconf 82' lang='lat' dir='ltr'><strong>spatium</strong></span> <span class='ocrx_word' id='word_1_59' title='bbox 767 1594 938 1658; x_wconf 89' lang='lat' dir='ltr'><strong>nascitur</strong></span> <span class='ocrx_word' id='word_1_60' title='bbox 960 1613 1079 1686; x_wconf 77' lang='lat' dir='ltr'><strong>vacu-</strong></span> 
     </span>
     <span class='ocr_line' id='line_1_11' title="bbox 55 1691 1080 1777; baseline 0.006 -23"><span class='ocrx_word' id='word_1_61' title='bbox 55 1711 132 1772; x_wconf 91' lang='lat' dir='ltr'><strong>um,</strong></span> <span class='ocrx_word' id='word_1_62' title='bbox 149 1699 184 1758; x_wconf 88' lang='lat' dir='ltr'><strong>et</strong></span> <span class='ocrx_word' id='word_1_63' title='bbox 205 1693 309 1758; x_wconf 86' lang='lat' dir='ltr'><strong>latex</strong></span> <span class='ocrx_word' id='word_1_64' title='bbox 331 1691 537 1766; x_wconf 88' lang='lat' dir='ltr'><strong>nutritius,</strong></span> <span class='ocrx_word' id='word_1_65' title='bbox 561 1691 671 1777; x_wconf 89' lang='lat' dir='ltr'><strong>quasi</strong></span> <span class='ocrx_word' id='word_1_66' title='bbox 693 1713 760 1776; x_wconf 91' lang='lat' dir='ltr'><strong>per</strong></span> <span class='ocrx_word' id='word_1_67' title='bbox 782 1693 987 1777; x_wconf 82' lang='lat' dir='ltr'><strong>siphonem</strong></span> <span class='ocrx_word' id='word_1_68' title='bbox 1018 1702 1080 1762; x_wconf 83' lang='lat' dir='ltr'><strong>at·</strong></span> 
     </span>
     <span class='ocr_line' id='line_1_12' title="bbox 39 1785 1080 1880; baseline 0.006 -24"><span class='ocrx_word' id='word_1_69' title='bbox 39 1785 239 1873; x_wconf 70' lang='lat' dir='ltr'><strong>trahatur,</strong></span> <span class='ocrx_word' id='word_1_70' title='bbox 258 1793 300 1860; x_wconf 89' lang='lat' dir='ltr'><strong>in</strong></span> <span class='ocrx_word' id='word_1_71' title='bbox 325 1815 366 1860; x_wconf 83' lang='lat' dir='ltr'><strong>os</strong></span> <span class='ocrx_word' id='word_1_72' title='bbox 390 1793 608 1874; x_wconf 82' lang='lat' dir='ltr'><strong>deducitur,</strong></span> <span class='ocrx_word' id='word_1_73' title='bbox 637 1795 795 1878; x_wconf 84' lang='lat' dir='ltr'><strong>reliquis</strong></span> <span class='ocrx_word' id='word_1_74' title='bbox 825 1797 995 1860; x_wconf 80' lang='lat' dir='ltr'><strong>motibus</strong></span> <span class='ocrx_word' id='word_1_75' title='bbox 1025 1794 1080 1880; x_wconf 68' lang='lat' dir='ltr'><strong>(t.</strong></span> 
     </span>
     <span class='ocr_line' id='line_1_13' title="bbox 54 1898 1078 1986; baseline 0.001 -22"><span class='ocrx_word' id='word_1_76' title='bbox 54 1901 137 1986; x_wconf 75' lang='lat'><strong>275.)</strong></span> <span class='ocrx_word' id='word_1_77' title='bbox 159 1903 199 1964; x_wconf 94' lang='lat' dir='ltr'><strong>in</strong></span> <span class='ocrx_word' id='word_1_78' title='bbox 215 1901 476 1966; x_wconf 87' lang='lat' dir='ltr'><strong>ventriculum</strong></span> <span class='ocrx_word' id='word_1_79' title='bbox 495 1898 795 1983; x_wconf 87' lang='lat' dir='ltr'><strong>promovendus.</strong></span> <span class='ocrx_word' id='word_1_80' title='bbox 819 1901 996 1983; x_wconf 82' lang='lat' dir='ltr'><strong>Respirst</strong></span> <span class='ocrx_word' id='word_1_81' title='bbox 1017 1902 1078 1964; x_wconf 92' lang='lat' dir='ltr'><strong>in·</strong></span> 
     </span>
     <span class='ocr_line' id='line_1_14' title="bbox 56 2001 1080 2086; baseline 0.009 -24"><span class='ocrx_word' id='word_1_82' title='bbox 56 2001 131 2066; x_wconf 82' lang='lat' dir='ltr'><strong>iens</strong></span> <span class='ocrx_word' id='word_1_83' title='bbox 153 2003 277 2068; x_wconf 90' lang='lat' dir='ltr'><strong>medio</strong></span> <span class='ocrx_word' id='word_1_84' title='bbox 305 2003 379 2067; x_wconf 87' lang='lat' dir='ltr'><strong>hoc</strong></span> <span class='ocrx_word' id='word_1_85' title='bbox 399 2007 571 2084; x_wconf 87' lang='lat' dir='ltr'><strong>tempore</strong></span> <span class='ocrx_word' id='word_1_86' title='bbox 598 2019 665 2083; x_wconf 91' lang='lat' dir='ltr'><strong>per</strong></span> <span class='ocrx_word' id='word_1_87' title='bbox 685 2021 809 2064; x_wconf 84' lang='lat' dir='ltr'><strong>neres.</strong></span> <span class='ocrx_word' id='word_1_88' title='bbox 841 2003 1080 2086; x_wconf 83' lang='lat' dir='ltr'><strong>Intelligitur</strong></span> 
     </span>
     <span class='ocr_line' id='line_1_15' title="bbox 53 2105 1080 2194; baseline -0.001 -22"><span class='ocrx_word' id='word_1_89' title='bbox 53 2105 151 2183; x_wconf 88' lang='lat' dir='ltr'><strong>hinc,</strong></span> <span class='ocrx_word' id='word_1_90' title='bbox 177 2129 294 2194; x_wconf 84' lang='lat' dir='ltr'><strong>quare</strong></span> <span class='ocrx_word' id='word_1_91' title='bbox 327 2111 454 2170; x_wconf 88' lang='lat' dir='ltr'><strong>suctus</strong></span> <span class='ocrx_word' id='word_1_92' title='bbox 493 2105 692 2175; x_wconf 78' lang='lat' dir='ltr'><strong>infantum</strong></span> <span class='ocrx_word' id='word_1_93' title='bbox 727 2105 937 2170; x_wconf 86' lang='lat' dir='ltr'><strong>obstructis</strong></span> <span class='ocrx_word' id='word_1_94' title='bbox 972 2107 1080 2171; x_wconf 89' lang='lat' dir='ltr'><strong>nari·</strong></span> 
     </span>
     <span class='ocr_line' id='line_1_16' title="bbox 53 2207 1079 2293; baseline -0.001 -20"><span class='ocrx_word' id='word_1_95' title='bbox 53 2207 133 2288; x_wconf 85' lang='lat' dir='ltr'><strong>bus,</strong></span> <span class='ocrx_word' id='word_1_96' title='bbox 153 2212 250 2276; x_wconf 84' lang='lat' dir='ltr'><strong>fissis</strong></span> <span class='ocrx_word' id='word_1_97' title='bbox 271 2211 406 2284; x_wconf 86' lang='lat' dir='ltr'><strong>labiis,</strong></span> <span class='ocrx_word' id='word_1_98' title='bbox 426 2212 463 2272; x_wconf 89' lang='lat' dir='ltr'><strong>et</strong></span> <span class='ocrx_word' id='word_1_99' title='bbox 482 2208 638 2290; x_wconf 83' lang='lat' dir='ltr'><strong>linguae</strong></span> <span class='ocrx_word' id='word_1_100' title='bbox 654 2207 763 2290; x_wconf 86' lang='lat' dir='ltr'><strong>apice</strong></span> <span class='ocrx_word' id='word_1_101' title='bbox 783 2207 937 2272; x_wconf 88' lang='lat' dir='ltr'><strong>adcreto</strong></span> <span class='ocrx_word' id='word_1_102' title='bbox 956 2209 1079 2293; x_wconf 89' lang='lat' dir='ltr'><strong>impe-</strong></span> 
     </span>
     <span class='ocr_line' id='line_1_17' title="bbox 54 2307 1077 2390; baseline -0.001 -18"><span class='ocrx_word' id='word_1_103' title='bbox 54 2310 193 2390; x_wconf 84' lang='lat' dir='ltr'><strong>dietur,</strong></span> <span class='ocrx_word' id='word_1_104' title='bbox 215 2321 254 2378; x_wconf 88' lang='lat' dir='ltr'><strong>et</strong></span> <span class='ocrx_word' id='word_1_105' title='bbox 275 2333 339 2376; x_wconf 91' lang='lat' dir='ltr'><strong>cur</strong></span> <span class='ocrx_word' id='word_1_106' title='bbox 360 2309 518 2374; x_wconf 90' lang='lat' dir='ltr'><strong>neonati</strong></span> <span class='ocrx_word' id='word_1_107' title='bbox 531 2353 541 2388; x_wconf 91' lang='lat'>‚</span> <span class='ocrx_word' id='word_1_108' title='bbox 564 2307 640 2373; x_wconf 88' lang='lat' dir='ltr'><strong>nisi</strong></span> <span class='ocrx_word' id='word_1_109' title='bbox 672 2307 717 2371; x_wconf 89' lang='lat' dir='ltr'><strong>de</strong></span> <span class='ocrx_word' id='word_1_110' title='bbox 744 2314 917 2390; x_wconf 87' lang='lat' dir='ltr'><strong>tempore</strong></span> <span class='ocrx_word' id='word_1_111' title='bbox 946 2313 1077 2376; x_wconf 58' lang='lat' dir='ltr'><strong>uberi„</strong></span> 
     </span>
     <span class='ocr_line' id='line_1_18' title="bbox 53 2407 1078 2498; baseline 0.011 -29"><span class='ocrx_word' id='word_1_112' title='bbox 53 2407 112 2472; x_wconf 86' lang='lat' dir='ltr'><strong>bus</strong></span> <span class='ocrx_word' id='word_1_113' title='bbox 133 2413 437 2489; x_wconf 79' lang='lat' dir='ltr'><strong>admoveantur,</strong></span> <span class='ocrx_word' id='word_1_114' title='bbox 458 2411 607 2494; x_wconf 84' lang='lat' dir='ltr'><strong>perdito</strong></span> <span class='ocrx_word' id='word_1_115' title='bbox 639 2411 828 2474; x_wconf 83' lang='lat' dir='ltr'><strong>instinctu</strong></span> <span class='ocrx_word' id='word_1_116' title='bbox 850 2415 1078 2498; x_wconf 75' lang='lat' dir='ltr'><strong>congenito,</strong></span> 
     </span>
     <span class='ocr_line' id='line_1_19' title="bbox 45 2513 886 2600; baseline 0.008 -30"><span class='ocrx_word' id='word_1_117' title='bbox 45 2513 229 2580; x_wconf 75' lang='lat' dir='ltr'><strong>&#39;mammae</strong></span> <span class='ocrx_word' id='word_1_118' title='bbox 250 2535 384 2600; x_wconf 85' lang='lat' dir='ltr'><strong>sugere</strong></span> <span class='ocrx_word' id='word_1_119' title='bbox 401 2515 481 2578; x_wconf 82' lang='lat' dir='ltr'><strong>fere</strong></span> <span class='ocrx_word' id='word_1_120' title='bbox 503 2513 811 2578; x_wconf 55' lang='lat' dir='ltr'><strong>obliviscanture</strong></span> <span class='ocrx_word' id='word_1_121' title='bbox 882 2579 886 2586; x_wconf 79' lang='grc'>,</span> 
     </span>
    </p>
   </div>
   <div class='ocr_carea' id='block_1_4' title="bbox 124 2681 1079 2778">
    <p class='ocr_par' dir='ltr' id='par_1_4' title="bbox 124 2681 1079 2778">
     <span class='ocr_line' id='line_1_20' title="bbox 124 2681 1079 2778; baseline 0 -20"><span class='ocrx_word' id='word_1_122' title='bbox 124 2695 457 2762; x_wconf 87' lang='lat' dir='ltr'><strong>Sorbillamus</strong></span> <span class='ocrx_word' id='word_1_123' title='bbox 479 2681 651 2778; x_wconf 88' lang='lat' dir='ltr'><strong>liquida,</strong></span> <span class='ocrx_word' id='word_1_124' title='bbox 675 2692 782 2758; x_wconf 87' lang='lat' dir='ltr'><strong>labio</strong></span> <span class='ocrx_word' id='word_1_125' title='bbox 806 2693 1001 2776; x_wconf 75' lang='lat' dir='ltr'><strong>superiore</strong></span> <span class='ocrx_word' id='word_1_126' title='bbox 1028 2693 1079 2758; x_wconf 83' lang='lat' dir='ltr'><strong>iie</strong></span> 
     </span>
    </p>
   </div>
   <div class='ocr_carea' id='block_1_5' title="bbox 27 2796 1134 2985">
    <p class='ocr_par' dir='ltr' id='par_1_5' title="bbox 27 2796 1134 2985">
     <span class='ocr_line' id='line_1_21' title="bbox 54 2796 1081 2879; baseline 0.002 -21"><span class='ocrx_word' id='word_1_127' title='bbox 54 2796 216 2876; x_wconf 81' lang='lat' dir='ltr'><strong>admoto,</strong></span> <span class='ocrx_word' id='word_1_128' title='bbox 238 2799 425 2874; x_wconf 84' lang='lat' dir='ltr'><strong>inferiore</strong></span> <span class='ocrx_word' id='word_1_129' title='bbox 446 2819 535 2862; x_wconf 80' lang='lat' dir='ltr'><strong>vero</strong></span> <span class='ocrx_word' id='word_1_130' title='bbox 559 2799 643 2860; x_wconf 79' lang='lat' dir='ltr'><strong>vesi</strong></span> <span class='ocrx_word' id='word_1_131' title='bbox 666 2797 882 2860; x_wconf 85' lang='lat' dir='ltr'><strong>continenti</strong></span> <span class='ocrx_word' id='word_1_132' title='bbox 908 2797 1081 2879; x_wconf 87' lang='lat' dir='ltr'><strong>adplica-</strong></span> 
     </span>
     <span class='ocr_line' id='line_1_22' title="bbox 27 2891 1134 2985; baseline 0.005 -23"><span class='ocrx_word' id='word_1_133' title='bbox 27 2891 29 2896; x_wconf 65' lang='grc'>’</span> <span class='ocrx_word' id='word_1_134' title='bbox 53 2903 109 2978; x_wconf 83' lang='lat' dir='ltr'><strong>t03</strong></span> <span class='ocrx_word' id='word_1_135' title='bbox 126 2903 353 2985; x_wconf 84' lang='lat' dir='ltr'><strong>profundius</strong></span> <span class='ocrx_word' id='word_1_136' title='bbox 373 2920 472 2964; x_wconf 90' lang='lat' dir='ltr'><strong>nunc</strong></span> <span class='ocrx_word' id='word_1_137' title='bbox 494 2899 685 2982; x_wconf 88' lang='lat' dir='ltr'><strong>inspirato</strong></span> <span class='ocrx_word' id='word_1_138' title='bbox 704 2898 1077 2982; x_wconf 77' lang='lat' dir='ltr'><strong>aiire,potulentum,</strong></span> <span class='ocrx_word' id='word_1_139' title='bbox 1133 2962 1134 2966; x_wconf 74' lang='grc'>,</span> 
     </span>
    </p>
   </div>
   <div class='ocr_carea' id='block_1_6' title="bbox 53 3001 1077 3177">
    <p class='ocr_par' dir='ltr' id='par_1_6' title="bbox 53 3001 1077 3177">
     <span class='ocr_line' id='line_1_23' title="bbox 53 3001 1077 3098; baseline 0.011 -37"><span class='ocrx_word' id='word_1_140' title='bbox 53 3003 128 3066; x_wconf 75' lang='lat' dir='ltr'><strong>aire</strong></span> <span class='ocrx_word' id='word_1_141' title='bbox 149 3015 304 3074; x_wconf 83' lang='lat' dir='ltr'><strong>externo</strong></span> <span class='ocrx_word' id='word_1_142' title='bbox 327 3001 520 3090; x_wconf 83' lang='lat' dir='ltr'><strong>pressum,</strong></span> <span class='ocrx_word' id='word_1_143' title='bbox 538 3023 624 3068; x_wconf 91' lang='lat' dir='ltr'><strong>cum</strong></span> <span class='ocrx_word' id='word_1_144' title='bbox 645 3006 775 3070; x_wconf 90' lang='lat' dir='ltr'><strong>sonitu</strong></span> <span class='ocrx_word' id='word_1_145' title='bbox 794 3007 835 3070; x_wconf 89' lang='lat' dir='ltr'><strong>iu</strong></span> <span class='ocrx_word' id='word_1_146' title='bbox 856 3026 895 3070; x_wconf 88' lang='lat' dir='ltr'><strong>os</strong></span> <span class='ocrx_word' id='word_1_147' title='bbox 919 3026 1077 3098; x_wconf 90' lang='lat' dir='ltr'><strong>promo·</strong></span> 
     </span>
     <span class='ocr_line' id='line_1_24' title="bbox 54 3112 765 3177; baseline 0.02 -13"><span class='ocrx_word' id='word_1_148' title='bbox 54 3112 165 3177; x_wconf 83' lang='lat' dir='ltr'><strong>vetur.</strong></span> <span class='ocrx_word' id='word_1_149' title='bbox 761 3124 765 3140; x_wconf 84' lang='grc'><em>’</em></span> 
     </span>
    </p>
   </div>
   <div class='ocr_carea' id='block_1_7' title="bbox 123 3286 1077 3372">
    <p class='ocr_par' dir='ltr' id='par_1_7' title="bbox 123 3286 1077 3372">
     <span class='ocr_line' id='line_1_25' title="bbox 123 3286 1077 3372; baseline 0.005 -21"><span class='ocrx_word' id='word_1_150' title='bbox 123 3287 251 3353; x_wconf 84' lang='lat' dir='ltr'><strong>Suetus</strong></span> <span class='ocrx_word' id='word_1_151' title='bbox 264 3286 417 3372; x_wconf 67' lang='lat' dir='ltr'><strong>⁸species</strong></span> <span class='ocrx_word' id='word_1_152' title='bbox 439 3291 497 3348; x_wconf 87' lang='lat' dir='ltr'><strong>est</strong></span> <span class='ocrx_word' id='word_1_153' title='bbox 520 3287 805 3359; x_wconf 79' lang='lat' dir='ltr'><strong>osculatio:</strong></span> <span class='ocrx_word' id='word_1_154' title='bbox 828 3287 994 3355; x_wconf 89' lang='lat' dir='ltr'><strong>admotis</strong></span> <span class='ocrx_word' id='word_1_155' title='bbox 1019 3289 1077 3356; x_wconf 84' lang='lat' dir='ltr'><strong>la·</strong></span> 
     </span>
    </p>
   </div>
   <div class='ocr_carea' id='block_1_8' title="bbox 51 3381 1085 3480">
    <p class='ocr_par' dir='ltr' id='par_1_8' title="bbox 51 3381 1085 3480">
     <span class='ocr_line' id='line_1_26' title="bbox 51 3381 1085 3480; baseline 0.012 -32"><span class='ocrx_word' id='word_1_156' title='bbox 51 3381 117 3462; x_wconf 81' lang='lat' dir='ltr'><strong>biis</strong></span> <span class='ocrx_word' id='word_1_157' title='bbox 137 3392 286 3474; x_wconf 84' lang='lat' dir='ltr'><strong>objecto</strong></span> <span class='ocrx_word' id='word_1_158' title='bbox 307 3389 471 3454; x_wconf 85' lang='lat' dir='ltr'><strong>amabili</strong></span> <span class='ocrx_word' id='word_1_159' title='bbox 491 3390 626 3475; x_wconf 80' lang='lat' dir='ltr'><strong>lingue</strong></span> <span class='ocrx_word' id='word_1_160' title='bbox 655 3391 890 3473; x_wconf 87' lang='lat' dir='ltr'><strong>retrahitur,</strong></span> <span class='ocrx_word' id='word_1_161' title='bbox 912 3414 986 3480; x_wconf 87' lang='lat' dir='ltr'><strong>quo</strong></span> <span class='ocrx_word' id='word_1_162' title='bbox 1000 3388 1085 3462; x_wconf 68' lang='lat' dir='ltr'><strong>ue·¹</strong></span> 
     </span>
    </p>
   </div>
   <div class='ocr_carea' id='block_1_9' title="bbox 48 3485 1078 4186">
    <p class='ocr_par' dir='ltr' id='par_1_9' title="bbox 48 3485 1078 4186">
     <span class='ocr_line' id='line_1_27' title="bbox 53 3485 1078 3576; baseline 0.015 -27"><span class='ocrx_word' id='word_1_163' title='bbox 53 3507 153 3556; x_wconf 87' lang='lat' dir='ltr'><strong>cuum</strong></span> <span class='ocrx_word' id='word_1_164' title='bbox 180 3485 318 3558; x_wconf 74' lang='lat' dir='ltr'><strong>in&#39;ore</strong></span> <span class='ocrx_word' id='word_1_165' title='bbox 352 3493 525 3557; x_wconf 82' lang='lat' dir='ltr'><strong>nascitur</strong></span> <span class='ocrx_word' id='word_1_166' title='bbox 562 3494 944 3576; x_wconf 81' lang='lat' dir='ltr'><strong>spatium3retructo</strong></span> <span class='ocrx_word' id='word_1_167' title='bbox 977 3520 1078 3564; x_wconf 91' lang='lat' dir='ltr'><strong>nunc</strong></span> 
     </span>
     <span class='ocr_line' id='line_1_28' title="bbox 52 3597 1078 3684; baseline 0.014 -29"><span class='ocrx_word' id='word_1_168' title='bbox 52 3611 118 3660; x_wconf 91' lang='lat' dir='ltr'><strong>uno</strong></span> <span class='ocrx_word' id='word_1_169' title='bbox 138 3603 206 3662; x_wconf 86' lang='lat' dir='ltr'><strong>aut</strong></span> <span class='ocrx_word' id='word_1_170' title='bbox 227 3604 389 3684; x_wconf 88' lang='lat' dir='ltr'><strong>utroque</strong></span> <span class='ocrx_word' id='word_1_171' title='bbox 416 3597 547 3675; x_wconf 87' lang='lat' dir='ltr'><strong>labio,</strong></span> <span class='ocrx_word' id='word_1_172' title='bbox 568 3599 633 3662; x_wconf 74' lang='lat' dir='ltr'><strong>ae&#39;r</strong></span> <span class='ocrx_word' id='word_1_173' title='bbox 654 3617 739 3660; x_wconf 90' lang='lat' dir='ltr'><strong>cum</strong></span> <span class='ocrx_word' id='word_1_174' title='bbox 768 3598 916 3684; x_wconf 81' lang='lat' dir='ltr'><strong>impetu</strong></span> <span class='ocrx_word' id='word_1_175' title='bbox 939 3602 1078 3680; x_wconf 88' lang='lat' dir='ltr'><strong>irruit,</strong></span> 
     </span>
     <span class='ocr_line' id='line_1_29' title="bbox 52 3704 1078 3788; baseline 0.011 -28"><span class='ocrx_word' id='word_1_176' title='bbox 52 3704 182 3767; x_wconf 80' lang='lat' dir='ltr'><strong>excitat</strong></span> <span class='ocrx_word' id='word_1_177' title='bbox 205 3706 387 3768; x_wconf 84' lang='lat' dir='ltr'><strong>sonitum.</strong></span> <span class='ocrx_word' id='word_1_178' title='bbox 419 3705 596 3788; x_wconf 78' lang='lat' dir='ltr'><strong>iungitur</strong></span> <span class='ocrx_word' id='word_1_179' title='bbox 632 3704 818 3768; x_wconf 83' lang='lat' dir='ltr'><strong>osculatio</strong></span> <span class='ocrx_word' id='word_1_180' title='bbox 851 3724 936 3770; x_wconf 91' lang='lat' dir='ltr'><strong>cum</strong></span> <span class='ocrx_word' id='word_1_181' title='bbox 966 3711 1078 3771; x_wconf 91' lang='lat' dir='ltr'><strong>volu-</strong></span> 
     </span>
     <span class='ocr_line' id='line_1_30' title="bbox 48 3802 1078 3890; baseline 0.011 -29"><span class='ocrx_word' id='word_1_182' title='bbox 48 3802 157 3879; x_wconf 84' lang='lat' dir='ltr'><strong>ptatis</strong></span> <span class='ocrx_word' id='word_1_183' title='bbox 175 3825 286 3869; x_wconf 85' lang='lat' dir='ltr'><strong>sensu</strong></span> <span class='ocrx_word' id='word_1_184' title='bbox 299 3847 308 3878; x_wconf 93' lang='lat'><strong>,</strong></span> <span class='ocrx_word' id='word_1_185' title='bbox 322 3805 511 3889; x_wconf 72' lang='lat' dir='ltr'><strong>siquidem</strong></span> <span class='ocrx_word' id='word_1_186' title='bbox 532 3809 654 3867; x_wconf 88' lang='lat' dir='ltr'><strong>tactus</strong></span> <span class='ocrx_word' id='word_1_187' title='bbox 675 3804 716 3867; x_wconf 89' lang='lat' dir='ltr'><strong>in</strong></span> <span class='ocrx_word' id='word_1_188' title='bbox 733 3805 848 3868; x_wconf 88' lang='lat' dir='ltr'><strong>labiis</strong></span> <span class='ocrx_word' id='word_1_189' title='bbox 872 3807 923 3870; x_wconf 89' lang='lat' dir='ltr'><strong>sit</strong></span> <span class='ocrx_word' id='word_1_190' title='bbox 945 3808 1078 3890; x_wconf 85' lang='lat' dir='ltr'><strong>exqui-</strong></span> 
     </span>
     <span class='ocr_line' id='line_1_31' title="bbox 51 3891 1076 3990; baseline 0.011 -29"><span class='ocrx_word' id='word_1_191' title='bbox 51 3899 174 3984; x_wconf 80' lang='lat' dir='ltr'><strong>sitior,</strong></span> <span class='ocrx_word' id='word_1_192' title='bbox 200 3913 239 3970; x_wconf 91' lang='lat' dir='ltr'><strong>et</strong></span> <span class='ocrx_word' id='word_1_193' title='bbox 262 3891 456 3990; x_wconf 81' lang='lat' dir='ltr'><strong>objectum</strong></span> <span class='ocrx_word' id='word_1_194' title='bbox 487 3913 680 3981; x_wconf 89' lang='lat' dir='ltr'><strong>amatum,</strong></span> <span class='ocrx_word' id='word_1_195' title='bbox 704 3906 921 3972; x_wconf 80' lang='lat' dir='ltr'><strong>animatum</strong></span> <span class='ocrx_word' id='word_1_196' title='bbox 952 3909 1076 3990; x_wconf 77' lang='lat' dir='ltr'><strong>pluri-</strong></span> 
     </span>
     <span class='ocr_line' id='line_1_32' title="bbox 50 4009 1076 4098; baseline 0.013 -32"><span class='ocrx_word' id='word_1_197' title='bbox 50 4022 169 4084; x_wconf 82' lang='lat' dir='ltr'><strong>mum,</strong></span> <span class='ocrx_word' id='word_1_198' title='bbox 189 4011 252 4075; x_wconf 85' lang='lat' dir='ltr'><strong>vel</strong></span> <span class='ocrx_word' id='word_1_199' title='bbox 270 4013 407 4074; x_wconf 88' lang='lat' dir='ltr'><strong>saltem</strong></span> <span class='ocrx_word' id='word_1_200' title='bbox 431 4010 557 4074; x_wconf 89' lang='lat' dir='ltr'><strong>ideam</strong></span> <span class='ocrx_word' id='word_1_201' title='bbox 580 4009 679 4072; x_wconf 84' lang='lat' dir='ltr'><strong>entis</strong></span> <span class='ocrx_word' id='word_1_202' title='bbox 700 4009 866 4074; x_wconf 87' lang='lat' dir='ltr'><strong>animati</strong></span> <span class='ocrx_word' id='word_1_203' title='bbox 884 4012 1076 4098; x_wconf 73' lang='lat' dir='ltr'><strong>excitans,</strong></span> 
     </span>
     <span class='ocr_line' id='line_1_33' title="bbox 50 4111 885 4186; baseline 0.006 -16"><span class='ocrx_word' id='word_1_204' title='bbox 50 4116 213 4180; x_wconf 84' lang='lat' dir='ltr'><strong>nostram</strong></span> <span class='ocrx_word' id='word_1_205' title='bbox 237 4114 391 4182; x_wconf 79' lang='lat' dir='ltr'><strong>uberius</strong></span> <span class='ocrx_word' id='word_1_206' title='bbox 411 4113 568 4182; x_wconf 81' lang='lat' dir='ltr'><strong>adficiet</strong></span> <span class='ocrx_word' id='word_1_207' title='bbox 592 4111 885 4186; x_wconf 84' lang='lat' dir='ltr'><strong>conscientiam.</strong></span> 
     </span>
    </p>
   </div>
   <div class='ocr_carea' id='block_1_10' title="bbox 503 4369 651 4403">
    <p class='ocr_par' dir='ltr' id='par_1_10' title="bbox 503 4369 651 4403">
     <span class='ocr_line' id='line_1_34' title="bbox 503 4369 651 4403; baseline 0.02 -3"><span class='ocrx_word' id='word_1_208' title='bbox 503 4369 651 4403; x_wconf 61' lang='lat'><strong>&lt;⁴¹1</strong></span> 
     </span>
    </p>
   </div>
   <div class='ocr_carea' id='block_1_11' title="bbox 781 4388 890 4464">
    <p class='ocr_par' dir='ltr' id='par_1_11' title="bbox 781 4388 890 4464">
     <span class='ocr_line' id='line_1_35' title="bbox 781 4388 890 4464; baseline 0 -68"><span class='ocrx_word' id='word_1_209' title='bbox 781 4388 890 4464; x_wconf 67' lang='lat' dir='ltr'><strong>&#39;ur</strong></span> 
     </span>
    </p>
   </div>
   <div class='ocr_carea' id='block_1_12' title="bbox 1199 3397 1218 3432">
    <p class='ocr_par' dir='ltr' id='par_1_12' title="bbox 1199 3397 1218 3432">
     <span class='ocr_line' id='line_1_36' title="bbox 1199 3397 1218 3432; baseline 0 0"><span class='ocrx_word' id='word_1_210' title='bbox 1199 3397 1218 3432; x_wconf 64' lang='grc' dir='ltr'><em>Ι</em></span> 
     </span>
    </p>
   </div>
   <div class='ocr_carea' id='block_1_13' title="bbox 0 0 1352 4994">
    <p class='ocr_par' dir='ltr' id='par_1_13' title="bbox 0 0 1352 4994">
     <span class='ocr_line' id='line_1_37' title="bbox 0 0 1352 4994; baseline 0 1"><span class='ocrx_word' id='word_1_211' title='bbox 0 0 1352 4994; x_wconf 95' lang='lat' dir='ltr'><strong> </strong></span> 
     </span>
    </p>
   </div>
  </div>
 </body>
</html>
