2898 4992
444 313 808 378 Dz'nurmrreuzs
1090 321 1153 394 477

196 453 427 540 Sanguinem
447 453 607 520 adsidue
626 453 834 520 mutarier
852 454 900 522 iis
910 499 923 533 ,
936 473 1155 542 quaesupe·

120 563 200 630 rius
223 558 491 646 (§.383.)dicta
512 565 622 636 sunt,
637 560 731 624 satis
753 566 936 644 apparet3
950 559 1158 624 ostendunt
1212 625 1217 634 ,

118 675 315 752 praeterea
337 661 464 728 morbi
484 663 597 726 acuti,
615 671 652 728 et
683 649 880 750 chronici,
908 663 1157 728 haematosin

118 774 210 837 adeo
229 766 510 853 deprimentes,
531 773 574 831 ut
589 787 685 838 sesa
705 767 928 850 sanguifera
948 772 1035 850 post
1054 785 1157 834 mor·

115 882 193 940 tem
227 876 309 940 fere
328 893 451 938 vacua
482 870 753 948 inveniantur3
783 877 919 936 notum
956 876 1156 954 praeterea

113 983 192 1056 est,
209 978 411 1042 humorem
435 974 621 1049 eundem,
644 973 877 1058 largioribus
899 973 1153 1038 haemorrha-

114 1077 187 1163 giis
206 1077 427 1170 profusum,
447 1075 647 1160 reproduci
673 1076 719 1158 (ς.
743 1079 862 1162 ¹05·)··
885 1077 1053 1141 secretos
1081 1075 1155 1138 bu·

114 1201 241 1261 mores
262 1187 442 1268 perpetue
461 1179 606 1243 mutari
627 1175 818 1262 plurimae
835 1179 1058 1244 ostendunt
1086 1179 1155 1244 ob·

115 1286 361 1350 servationes.
386 1285 569 1346 Humores
591 1280 716 1355 oculi,
738 1301 890 1367 quaqua
911 1279 1062 1346 ratione
1090 1281 1154 1344 de-

116 1386 259 1470 perditi
279 1392 346 1450 aut
364 1383 524 1458 mutati,
544 1399 686 1468 aqueus
705 1383 928 1466 praecipue,
941 1381 1155 1448 restituun-

117 1495 201 1566 tur,
231 1495 270 1554 et
298 1491 346 1554 ad
370 1489 583 1557 normalem
610 1487 846 1552 reducuntur
874 1473 1052 1566 'staturos
1070 1487 1157 1572 pin·

114 1595 236 1678 guedo
260 1592 374 1660 certis
398 1593 502 1657 vitae
522 1591 690 1676 periodis
711 1592 931 1656 cumulatur
951 1596 989 1656 et
1008 1591 1151 1656 minui·

111 1705 193 1779 tur3
217 1695 338 1762 simili
358 1694 621 1762 vicissitudini
640 1692 781 1760 humor
800 1713 948 1759 serosus
961 1693 1152 1762 etarticu·

113 1793 266 1866 torum
258 1799 423 1887 synovia
450 1797 623 1870 subsunt,

193 1945 325 2010 Partes
349 1943 491 2010 solido·
495 1943 630 2008 molles
656 1939 811 2008 adsidue
834 1942 1001 2028 mutari,
1026 1931 1155 2040 repro·

115 2045 395 2124 ductioea'rum
412 2053 449 2110 et
471 2046 669 2135 morbosae
683 2043 891 2132 ostendunt
910 2048 1156 2116 mutationem

116 2153 242 2213 textus
273 2145 496 2224 cellulosus,
528 2145 776 2210 membranae
809 2149 964 2230 quaevis
1002 2155 1040 2213 et
1066 2172 1158 2218 vasa

112 2253 261 2318 variam
280 2249 427 2316 habent
448 2254 574 2313 aetate
597 2245 757 2311 diversa
770 2247 956 2322 indolem',
970 2250 1075 2316 laesa
1098 2277 1157 2319 re·
1224 2298 1226 2302 -

95 2356 327 2432 uniuntur,
350 2352 585 2455 deperditae
609 2369 741 2416 eorum
772 2351 971 2470 portiones
1001 2355 1139 2424 restitu
1115 2379 1159 2424 u-

114 2466 253 2534 untur,
273 2458 539 2523 deformantur
559 2473 625 2538 per
647 2451 801 2519 morbos
820 2453 973 2535 varios,
994 2465 1033 2522 et
1050 2462 1158 2526 rede.

29 2595 34 2604 ·
116 2570 187 2628 unt
207 2581 321 2645 saepe
344 2547 546 2624 adstatum
559 2555 779 2672 pristinum.
803 2555 1017 2622 Cerebrum
1022 2567 1157 2629 etner·

113 2662 151 2728 vi
175 2663 338 2766 copiosis
360 2665 604 2727 instruuntur
627 2657 727 2724 vasis
762 2661 1017 2745 sanguiferis,
1050 2665 1155 2730 evol.

113 2778 256 2838 vuntur
277 2771 382 2834 lento
405 2785 627 2852 progressu,
647 2772 920 2854 regenerantur
944 2770 1075 2855 aliqua
1085 2791 1158 2834 mr

115 2871 264 2938 nimum
283 2879 392 2955 parte
417 2869 467 2955 (ς.
491 2871 606 2954 177.,)
613 2876 793 2966 suntque
817 2870 1004 2939 morbosis
1037 2874 1156 2937 obno-

115 2973 180 3041 xia
205 2973 510 3050 mutationibus,
531 2975 582 3058 (t.
608 2945 694 3060 i78.)
708 2984 723 3051 ,'
738 2981 781 3040 ut
802 2973 895 3042 adeo
922 2975 1105 3041 dubium
1105 2977 1156 3043 sit

38 3129 41 3136 ,
116 3079 294 3154 nullum,
338 3075 379 3140 id
412 3095 560 3165 quoque
591 3083 761 3166 systema
786 3083 967 3162 perpetue
999 3077 1156 3145 nutriri.

116 3185 252 3252 Haec
241 3205 326 3268 ipsa
345 3183 477 3270 valent
499 3182 543 3248 de
566 3185 750 3250 musculis
771 3183 935 3250 externis
955 3187 1159 3270 etorgani·
1211 3209 1213 3214 ’

112 3287 361 3378 crs‚qu1sub
385 3286 536 3352 actione
559 3309 650 3366 sua
671 3295 715 3352 ut
736 3288 835 3354 alrbr
866 3287 1057 3367 dicemus,
1096 3315 1159 3358 co·
1208 3309 1211 3315 ’
1269 3321 1271 3326 ’

112 3394 295 3459 haesione
316 3395 525 3472 augentur,
555 3396 593 3454 et
619 3391 800 3455 mistione
830 3397 1054 3474 mutantem
1086 3416 1158 3460 no·

115 3503 199 3562 tum
215 3501 415 3578 praeterea
434 3497 510 3568 eet,
531 3493 722 3559 musculos
740 3495 984 3572 voluntarios
1012 3519 1035 3562 a
1055 3518 1160 3583 pres·

115 3596 223 3661 sione
244 3596 427 3663 diuturna
442 3595 663 3660 substantia
683 3593 879 3674 deminui,
911 3601 1064 3682 actIone
1083 3604 1158 3666 sre-

79 3705 85 3721 “
115 3695 316 3783 quentiore
336 3697 533 3762 volumine
554 3697 702 3783 augeri,
737 3699 934 3794 uariisque
968 3701 1158 3768 obnoxios

115 3821 190 3866 esse
210 3798 585 3882 m'etamorphosibus
607 3801 795 3884 morbosis
815 3801 868 3884 (t.
892 3805 1002 3892 191).
1034 3805 1158 3870 Perti·
1223 3817 1224 3826 ’

112 3907 207 3966 nent
232 3898 307 3964 huc
329 3907 366 3966 et
384 3899 595 3984 peculiares
611 3900 709 3968 ‘illae
741 3907 951 3978 ventriculi
972 3913 1016 3972 'et
1051 3929 1157 3972 oeso-

114 4003 235 4090 phagi
252 4001 512 4082 emollitiones
534 4009 618 4092 ¹⁸⁴⁸),
641 4007 777 4092 quibus
795 4009 975 4074 omnibus
1012 4005 1156 4088 evinci-

113 4112 201 4184 tur,
222 4104 410 4185 materiae
430 4109 756 4190 permutationem
776 4117 814 4179 et
835 4111 878 4182 iu
900 4111 1156 4180 musculievi·

32 4279 42 4296 ,
119 4214 183 4278 tae
202 4209 403 4302 utriusqus
423 4204 657 4300 contingere.
684 4263 687 4271 .
746 4287 751 4292 ,

1205 3455 1219 3496 s
1337 3423 1345 3436 a
