2922 4996
232 383 239 400 ν
285 363 394 428 secr.
415 361 461 428 11.
485 363 543 426 Du
565 376 684 426 carri
703 376 886 428 roausr.
905 359 947 424 V·
962 365 1121 432 sarcos.
1166 313 1228 450 183Ι

186 505 416 572 lificationis
442 511 614 588 tempora
640 506 802 570 humore
831 507 947 581 albo,
972 508 1072 572 unde
1100 510 1222 572 multo

187 609 303 670 citius
336 609 377 670 in
409 607 458 670 iis
488 626 602 691 quam
633 606 674 668 in
702 607 860 670 homine
888 608 1140 674 innotuerunt
1169 607 1223 693 (ς.

184 729 237 794 27.
262 731 299 774 n.
328 709 398 792 4..)
438 709 635 773 Pauciores
676 714 806 774 tamen
847 711 987 776 adsunt
1017 699 1224 798 glandulae

182 815 458 880 mesentericae
488 820 525 878 et
555 815 849 897 lymphaticae‚
879 821 922 879 ut
953 797 1045 882 adeo
1081 817 1225 902 copiosi
1340 857 1344 870 ι

183 920 474 986 absorbentium
494 939 674 984 vasorum
702 920 803 984 rami
834 917 1011 986 directe
1001 945 1042 988 ιιι
1067 923 1225 992 ductum

180 1031 388 1108 properent
417 1025 671 1089 thoracicum.
703 1029 822 1100 Aves,
846 1025 1005 1108 reptilia
1035 1031 1074 1090 et
1102 1027 1225 1110 pisces

183 1130 340 1211 chylum
362 1128 507 1192 habent
529 1127 759 1210 limpidum,
773 1131 811 1190 et
831 1127 1092 1192 destituuntur
1113 1129 1222 1212 glan-

181 1231 284 1296 dulis
308 1231 569 1314 mesaraicis,
574 1231 673 1294 uude
697 1229 764 1295 diu
787 1230 977 1294 creditum
999 1231 1101 1308 fuit,
1124 1233 1221 1328 clas·

179 1355 237 1397 ses
261 1333 353 1396 istas
376 1337 584 1418 systemate
602 1325 856 1418 lymphatico
888 1333 1041 1424 penitus
1072 1318 1220 1412 carere3

178 1437 458 1500 recentioribus
478 1441 608 1500 tamen
628 1437 1018 1521 pervestigationibus
1036 1435 1222 1514 innotuit,

179 1560 276 1606 vasa
308 1539 551 1624 lymphatica
580 1540 759 1604 omnibus
791 1542 997 1606 columna
1008 1541 1222 1605 vertebrali

179 1641 383 1704 instructis
414 1641 648 1706 animalibus
689 1663 767 1708 esse
801 1646 1035 1710 communia.
1075 1644 1220 1706 Paucae

155 1750 333 1807 ‘tantum
363 1743 568 1827 glandulae
590 1745 854 1830 lymphaticae
884 1748 985 1812 circa
1010 1747 1152 1810 collum
1180 1765 1221 1807 a·

180 1847 292 1909 vium
310 1845 571 1928 reperiuntur,
593 1851 724 1912 nullae
747 1869 838 1913 vero
862 1849 902 1912 in
934 1847 1147 1931 amphibiis
1182 1839 1226 1910 et¹

121 1945 135 1982 ¹'
176 1951 348 2033 piscibus
369 1949 535 2013 hucdum
554 1949 736 2016 inventae
758 1939 859 2016 sunt.
883 1951 977 2016 Huic
1002 1957 1132 2014 autem
1154 1947 1240 2012 de.

47 2109 50 2117 ,
174 2053 297 2148 fectui
319 2057 458 2116 natura
480 2053 646 2116 occurrit
667 2075 733 2136 per
756 2055 818 2130 id,
839 2055 939 2140 quod
972 2048 1064 2120 vas'a
1089 2045 1214 2118 lactea

178 2165 217 2222 et
254 2158 496 2243 lymphatica
539 2158 580 2220 in
617 2160 748 2240 plexus
782 2159 1017 2242 disposuerit
1058 2158 1213 2234 varios,

176 2262 333 2346 ipseque
350 2263 564 2327 thoracicus
591 2263 736 2327 canalis
764 2263 806 2328 in
830 2267 957 2348 plures
981 2283 1108 2328 ramos
1132 2283 1216 2328 sas-

172 2383 222 2446 pe
246 2365 298 2428 sit
322 2365 486 2444 divisus;
505 2372 679 2430 moratur
697 2365 792 2428 haec
813 2377 991 2429 vesorum
1011 2365 1215 2482 dispositio
1278 2351 1307 2420 ’-

164 2462 376 2530 humorem
406 2467 630 2552 absorptum
641 2508 652 2542 ,
672 2471 716 2530 ut
747 2465 964 2530 adsimilari
986 2465 1107 2550 magis
1127 2486 1215 2550 pos·

174 2569 248 2645 sit,
266 2573 515 2668 antequam
504 2593 544 2636 ιιι
576 2571 790 2656 iugularem
819 2575 1035 2654 pervenerit
1063 2593 1213 2652 venam.
1245 2641 1248 2648 ,

173 2675 350 2736 Ceterum
384 2653 526 2736 eedem
548 2679 605 2738 est
638 2693 818 2736 vasorum
847 2669 1180 2738 absorbentium
1169 2695 1212 2740 ιιι

171 2774 309 2840 hestiis
338 2771 488 2840 fabrica
518 2775 601 2839 ut
591 2797 631 2838 ιιι
667 2751 870 2845 humano
880 2794 1060 2857 corpore3
1090 2777 1213 2858 pisces
1256 2765 1261 2778 ’

106 2957 115 2972 l
171 2885 304 2944 tamen
327 2899 411 2944 eam
442 2881 628 2944 exhibent
648 2876 936 2954 differentiam
958 2873 1058 2963 quod
1079 2881 1109 2942 H
1124 2901 1210 2947 ew·

172 2983 321 3049 sunio
341 2989 506 3090 testante
527 3001 619 3062 yasa
638 2979 810 3044 habeant
830 2979 916 3042 sine
937 2969 1120 3048 valvulis.
1208 2991 1211 3000 '

253 3143 375 3208 Aliter
394 3159 484 3206 vero
513 3161 570 3204 res
591 3161 629 3202 se
658 3141 776 3204 habet
804 3138 845 3204 in
867 3139 1102 3204 animalibus
1133 3138 1209 3203 mi-

168 3269 240 3314 nus
260 3248 463 3331 perfectis,
476 3247 516 3310 in
536 3244 733 3309 molluscis
743 3285 752 3317 ‚
766 3245 925 3308 insectis
944 3242 1208 3320 etvermibus,

169 3373 268 3438 quae
287 3371 406 3416 unum
424 3356 578 3414 tantum
596 3350 742 3413 habent
764 3367 944 3414 vasorum
962 3367 1096 3433 genus,
1109 3367 1206 3435 quo·

166 3476 335 3544 rumque
353 3455 508 3551 sanguis
530 3453 632 3516 idem
654 3459 709 3516 est
730 3473 814 3516 cum
842 3454 1015 3539 lympha.
1049 3451 1208 3516 Deside-
1209 3491 1210 3495 =

166 3565 307 3625 rantur
326 3557 391 3622 hro
412 3577 506 3620 vasa
526 3557 790 3638 lymphatrca
815 3573 977 3640 quorum
1000 3571 1137 3619 munus
1162 3555 1206 3618 in
1302 3591 1304 3598 ,

165 3661 363 3728 molluscis
385 3679 505 3725 venae
533 3656 742 3744 peragunt,
762 3658 885 3746 fitque
912 3667 1120 3742 apparatus
1145 3659 1205 3722 di

165 3765 353 3848 gestionis
376 3763 570 3846 gradatim
600 3763 836 3845 simplicior,
861 3764 937 3836 ita,
957 3769 1000 3826 ut
1028 3780 1176 3826 vermes
1189 3807 1202 3843 ,

164 3885 269 3938 vasis
301 3867 480 3932 omnibus
510 3865 620 3942 orbi,
651 3868 777 3929 adrem
807 3865 1053 3948 spiramentis
1077 3869 1200 3927 attra-

117 4005 125 4030 ι
162 3969 285 4045 hant,
320 3969 414 4033 cum'
435 3969 663 4032 humoribus
696 3969 838 4053 ubique
871 3967 1131 4052 miscendum,
1153 3964 1201 4026 hi
1261 3977 1265 3980 ·

162 4096 255 4140 vero
279 4096 346 4158 per
376 4074 600 4138 tubulorum
624 4071 918 4150 intestinalium
950 4070 1119 4153 parietes
1155 4067 1197 4132 in

160 4179 282 4252 telam
299 4177 524 4254 cellulosam
543 4175 803 4280 transsudent.
824 4178 868 4242 ln
887 4171 1089 4260 zoophytis
1107 4174 1197 4236 tan·
1228 4235 1231 4238 ,
1269 4255 1272 4265 Ι
