2956 4996
230 283 294 350 216
353 279 466 384 „1¹13·
489 281 518 346 1.
541 279 630 345 cca.
652 275 792 346 111.·Dn
819 291 1133 353 mmmm.

229 425 363 494 ficium
375 468 386 502 ,
398 425 467 490 ubi
485 446 623 492 nervus
643 445 878 510 compressus
896 429 1104 496 relaxatur.
1127 428 1277 494 Rescis-
1423 428 1442 470 ⁸³

231 554 275 596 sa
305 551 396 620 vero
426 535 513 595 tota
543 528 715 593 medulla
733 529 886 611 spinali
919 531 1024 596 infra
1053 533 1276 619 vertebram

157 659 166 683 ·
229 641 407 710 sextam,
420 632 584 697 musculi
604 632 776 698 thorac1s
796 632 936 718 reliqui
955 653 1064 696 suam
1087 635 1278 730 amittunt

231 736 602 817 contractilitatem,
621 734 878 822 diaphragma
897 741 1030 800 tamen
1051 725 1164 848 suum
1188 739 1276 804 con·

229 841 363 907 tinuat
386 840 570 908 officium.
668 863 677 878 ·
1005 865 1006 870 “

316 987 510 1073 Insignem
529 1007 608 1051 esse
630 993 738 1071 septo
770 993 990 1054 transverso
1022 989 1277 1057 irritabilita·
1335 1067 1336 1072 γ
1448 1000 1449 1010 ’

231 1097 329 1168 tem,
342 1092 444 1156 actio
466 1091 544 1170 ejus
558 1096 745 1209 perpetua
761 1095 800 1154 et
822 1093 853 1154 H
864 1093 937 1154 all
951 1113 1000 1156 er
1013 1113 1027 1158 1
1041 1113 1063 1155 a
1074 1113 1098 1156 ιι
1110 1113 1132 1156 a
1151 1099 1279 1157 osten

215 1181 333 1272 dunt
362 1196 648 1280 experimenta,
682 1193 820 1278 quibus
853 1202 1030 1275 constat,
1060 1193 1278 1262 musculum
1318 1253 1320 1260 ,

116 1273 127 1350 i
149 1365 153 1370 ,
230 1301 354 1378 hunc,
376 1294 564 1382 reliquis'
555 1315 633 1373 iam
661 1295 845 1360 emortuis
858 1335 868 1371 ‚
889 1316 957 1360 sua
980 1303 1117 1380 sponte
1150 1280 1277 1363 adhue

230 1399 398 1476 moveri,
421 1405 488 1464 aut
510 1399 710 1463 irritatum
731 1400 872 1462 saltam
893 1399 1064 1462 convelli
1090 1401 1143 1483 i).
1168 1401 1279 1465 Actio
1344 1437 1346 1444 ,

228 1493 363 1569 ‘autem
392 1503 702 1587 diaphragmatis
726 1501 912 1566 efabrica
944 1500 1023 1581 eius
1045 1506 1083 1565 et
1103 1504 1278 1588 phaeno·
1340 1523 1344 1530 ’

229 1607 381 1683 menis,
402 1605 444 1669 in
471 1607 574 1670 vivis
599 1605 858 1679 animalibus,
881 1623 922 1667 eo
945 1603 1022 1668 fine
1044 1605 1196 1680 incisis,
1213 1627 1278 1670 oc-

120 1733 123 1742 *
231 1707 497 1780 currentibus,
529 1707 728 1771 evidenter
767 1711 941 1789 apparet.
984 1707 1137 1772 Lacerti
1173 1709 1280 1775 enim

228 1803 484 1884 musculares,
499 1805 595 1872 cum'
605 1808 826 1886 irritantur,
839 1797 1032 1886 breviores
1054 1811 1281 1887 redduntur,

150 1939 154 1948 ,
230 1909 332 1978 unde
357 1913 488 1974 totum
508 1909 548 1975 id
568 1917 717 1994 septum
748 1931 880 1976 versus
905 1912 1095 1976 abdomen
1122 1912 1277 1977 deduci-

202 2099 205 2110 Ι
228 2019 319 2086 tur,
344 2011 499 2096 ejusque
520 2013 649 2078 fornix
669 2013 824 2098 planior
847 2015 893 2078 fit
906 2019 928 2090 ,'
942 2037 1079 2080 cavum
1110 2017 1278 2099 pectoris

230 2119 477 2204 longitudine
508 2126 691 2203 augetur,
714 2119 934 2186 abdominis
968 2143 1058 2186 vero
1092 2127 1279 2188 arctatur.

231 2223 477 2288 Contrarium
498 2221 633 2288 debere
656 2223 826 2289 accidere
848 2227 1020 2290 musculo
1042 2227 1113 2291 hoc
1132 2227 1280 2292 relaxa-

224 2331 296 2416 to,
317 2333 454 2410 sponte
474 2329 668 2416 sequitur,
683 2335 721 2397 at
741 2331 960 2396 videbimus
980 2353 1047 2396 suo
1067 2315 1173 2408 loc'o,
1193 2354 1279 2400 mu·

142 2509 146 2518 ⁵
173 2445 179 2479 ¹
231 2427 330 2498 sculi
362 2431 475 2518 hujus
511 2435 704 2519 actionem
738 2435 781 2500 in
811 2437 1083 2520 antagonismo
1116 2435 1276 2502 existere

134 2528 149 2578 ¹¹
232 2555 321 2600 cum
343 2535 669 2602 abdominalibus
680 2537 810 2616 et1is‚
832 2539 899 2624 qui
920 2545 1046 2602 costas
1068 2537 1277 2607 adtollunt.

231 2639 363 2704 Exerit
385 2631 504 2704 etiam
535 2623 845 2724 diaphragmatis
867 2641 968 2705 actio
1000 2641 1172 2727 aliquam
1195 2645 1278 2710 viru

171 2795 174 2801 .
231 2741 284 2817 in
304 2744 563 2828 oesophagum
595 2750 634 2807 et
663 2763 801 2808 venam
833 2763 988 2818 cavam,
1011 2743 1203 2828 siquidem
1234 2743 1278 2808 hi

214 2846 472 2941 ,canales,ut
503 2851 707 2914 Hactenus
752 2870 838 2914 cum
868 2852 1045 2933 pluribus
1075 2851 1163 2914 aliis
1196 2871 1279 2916 ma-

132 2996 135 3006 ·
203 2935 373 3020 laiseste
393 2943 563 3019 ostendit
575 2952 717 3039 k),sub
738 2952 919 3016 descensu
941 2954 1019 3036 eius
1037 2953 1138 3036 septi
1159 2955 1286 3041 strin-¹

229 3065 384 3144 gantur.
407 3055 506 3139 Quia
520 3038 682 3140 denique
704 3057 814 3120 nervi
836 3057 1013 3140 phoenici
1034 3076 1276 3144 persympa·

232 3159 385 3224 thicum
416 3179 501 3238 cum
536 3159 624 3242 pari
655 3159 791 3246 quinto
817 3159 858 3223 in
889 3179 1028 3224 nexum
1057 3163 1279 3243 ponuntur,

233 3257 492 3352 diaphragma
520 3281 606 3327 cum
639 3263 793 3348 organis
829 3259 991 3327 diversis
1020 3263 1061 3327 in
1089 3281 1280 3328 consensu

62 3443 68 3455 ,
165 3383 169 3389 ’
233 3365 369 3432 existit
391 3364 410 3450 (
423 3373 455 3442 5.
472 3364 592 3444 ιιι).
616 3367 708 3432 ln'de
729 3386 817 3450 ergo
842 3375 920 3442 est,
941 3366 1042 3454 quod
1064 3368 1129 3430 lux
1150 3367 1279 3432 inten-

232 3471 314 3538 sior
334 3470 376 3538 in
400 3472 530 3536 oculos
552 3471 747 3547 incidens,
769 3478 807 3536 et
824 3473 978 3536 narium
998 3471 1170 3536 irritatio
1183 3475 1283 3534 ster*

233 3571 481 3640 nutationsm
520 3575 721 3642 suscitent.
764 3576 821 3639 Ob
857 3593 998 3646 nexum
1040 3591 1125 3638 curn
1157 3591 1279 3638 nervo

134 3673 168 3746 ,“
233 3675 488 3760 splanchnico
518 3667 670 3762 septum
701 3684 965 3743 transversum
996 3695 1081 3740 cum
1114 3663 1279 3740 alimen·
1335 3751 1339 3758 ,
1401 3744 1405 3754 ,

232 3780 338 3846 tario
362 3780 457 3844 tubo
473 3779 677 3866 dynamice
702 3781 877 3867 jungitur
889 3823 901 3858 ,
923 3787 967 3845 ut
988 3779 1204 3874 singultus,
1228 3777 1277 3842 ah
1332 3820 1343 3844 ι

235 3885 387 3950 adfecto
408 3875 623 3950 ventriculo
646 3888 708 3952 val
727 3886 907 3952 intestini
926 3903 1153 3970 gangr-aena
1163 3883 1287 3948 obor-

233 3993 329 4066 tus,
366 3987 552 4052 ostendit.
596 3989 772 4076 Denique
810 3989 983 4074 iungitur
1021 3985 1280 4068 diaphragma

235 4109 323 4158 cum
349 4091 601 4178 pulmonibus
632 4109 702 4174 per
729 4111 891 4156 nervum
912 4109 1073 4174 vagum,
1096 4087 1163 4172 qui
1192 4103 1280 4150 cum

230 4196 418 4282 phrenion
439 4195 640 4274 cohaeret,
654 4193 755 4284 quod
773 4213 844 4280 pro
864 4195 1015 4262 alterna
1033 4191 1132 4258 aeris
1152 4189 1282 4276 adipi·
1386 4177 1390 4196 '
