2922 4996
247 403 484 474 stenima
506 415 626 466 carni
646 413 820 467 ronuar.
841 401 887 466 11.
908 413 1056 468 aaran.
1121 415 1178 485 rlr

134 548 300 624 coloris,
321 545 519 620 nitentes,
542 539 785 630 crystallini,
804 541 1030 608 lamellataa
1053 547 1182 614 textu·

131 675 222 728 rae,
245 651 393 736 figurae
414 647 559 723 ovalis,
584 663 656 712 ovo
675 645 896 712 columbino
918 667 1030 732 saepe
1054 649 1179 737 majo·

131 775 196 819 ree
207 795 217 830 ,
242 771 343 836 aqua
361 751 546 830 levioraa;
569 749 760 834 reperitur
776 747 912 814 unicus
930 751 1179 834 potissimum

129 859 176 922 in
208 855 337 920 vesica
369 851 507 930 felleas
545 849 797 918 emolliuntur
828 855 866 916 et
894 851 1110 921 funduntur
1137 857 1179 924 in

131 963 403 1044 temperatura
428 949 598 1034 altiore,
627 973 831 1042 rursusque
868 957 1182 1039 crystallisantur

132 1065 390 1151 refrigerati;
413 1083 514 1152 aqua
552 1067 643 1128 sunt
682 1061 944 1138 insolubiles,
977 1063 1181 1132 solvuntur

134 1193 228 1240 vero
249 1174 292 1236 in
310 1167 487 1234 alcobole
506 1169 576 1234 sub
599 1167 740 1232 caloris
757 1167 830 1232 160.
848 1185 918 1250 gr.,
930 1165 1041 1232 acido
1059 1169 1181 1236 etiam

133 1275 285 1343 nitrico
326 1279 364 1340 et
395 1269 512 1338 alceli
547 1269 741 1350 caustico,
776 1287 861 1332 cum
890 1287 964 1354 quo
991 1289 1179 1352 saponem
1215 1331 1218 1338 .

133 1379 394 1448 constituunt.
418 1379 603 1441 Constant
620 1373 664 1438 hi
685 1371 825 1436 calculi
853 1371 1097 1456 adipocerea‚
1117 1377 1179 1442 in·

134 1479 375 1548 flammabili
394 1475 625 1544 substantia.
638 1475 726 1559 -,=2)
752 1474 846 1538 sunt
865 1474 1001 1542 brunei
1022 1475 1178 1552 coloris,

137 1587 289 1652 cinereo
318 1603 431 1666 saepe
461 1579 604 1644 cortice
641 1579 796 1661 vestiti,
819 1577 966 1662 figurae
999 1579 1181 1663 globosae

136 1695 207 1756 aut
237 1689 477 1776 polygonae=
500 1683 667 1750 lamellis
699 1683 974 1762 concentricie,
999 1683 1182 1770 inspissa-

133 1799 201 1859 tae
219 1794 295 1858 bili
315 1789 533 1862 similibus,
557 1793 797 1866 constantem
811 1787 1013 1852 continent
1036 1789 1079 1854 in
1096 1809 1181 1854 cen·

138 1903 204 1962 tro
226 1893 473 1980 potissimum
496 1891 676 1956 nucleum
697 1889 830 1954 album
852 1891 1180 1978 crystallisatum;

136 1999 316 2068 friabilee
335 2013 448 2080 saepe
462 1999 521 2072 ‚et
542 1993 664 2060 colore
678 2037 689 2072 ,
704 2014 748 2057 ex
772 1993 917 2060 bruneo
944 1995 1181 2074 rubescente,

138 2099 319 2168 distincti
347 2096 669 2194 carnuntum-3)
703 2097 768 2160 Est
794 2095 926 2158 classis
946 2095 1180 2182 frequentis·

135 2197 264 2280 sima,
285 2225 304 2266 a
322 2199 517 2285 prioribus
543 2197 690 2276 mixta,
713 2197 958 2262 atro-brunei
986 2205 1054 2264 aut
1082 2201 1181 2268 vira·

3 2381 4 2388 ¹
134 2301 278 2370 stantis
295 2301 456 2384 coloris;
479 2299 594 2366 fracti
611 2301 654 2366 bi
677 2299 814 2364 calculi
842 2299 1086 2384 adipocereas
1116 2325 1180 2368 ex·

2 2405 3 2470 l
136 2405 280 2474 hibent
305 2389 510 2490 'crystallos
540 2409 577 2468 et
607 2401 823 2468 immistam
854 2401 974 2468 bilem
996 2403 1182 2490 inspissa-

136 2518 235 2578 tam.
271 2507 480 2574 Solvuntur
514 2525 664 2594 quoque
702 2505 912 2584 uitalibus,
936 2507 1111 2576 alcobole
1143 2518 1181 2578 et

2 2617 3 2676 l
134 2613 252 2690 oleis,
278 2599 448 2702 suntque
462 2611 776 2678 inflammabilea·
797 2643 838 2664 -
856 2611 899 2700 4)
922 2613 1018 2678 Sunt
1039 2617 1181 2682 calculi

137 2741 217 2788 non
250 2719 573 2796 inflammabiles,
600 2719 745 2805 majore
775 2724 906 2782 tamen
937 2720 1065 2786 calore
1094 2743 1180 2788 asn-

139 2827 218 2892 sim
255 2827 479 2900 avolantes,
502 2823 630 2888 minus
675 2821 799 2888 adbuc
829 2821 1009 2906 cogniti,
1031 2825 1180 2890 salibus

137 2931 226 3016 plus
248 2930 461 2994 autminus
481 2929 708 2994 volatilibus
730 2926 858 2992 nefors
879 2931 1096 2994 constantes
1120 2932 1182 3015 a).

222 3071 370 3137 Favent
390 3071 653 3138 cholelithiasi
671 3092 801 3138 omnes
823 3091 978 3149 causae,
1003 3091 1099 3158 quae
1120 3073 1181 3138 bi·
1221 3041 1250 3088 ”

139 3177 190 3242 lis
212 3185 356 3262 augent
375 3175 627 3242 secretionem
650 3173 703 3262 (ς.
726 3175 822 3263 295.)
835 3217 847 3252 ,
880 3174 1092 3262 quibusque
1118 3176 1181 3241 vi-

140 3281 234 3348 talis
264 3281 418 3366 hepatis
451 3277 606 3366 energia
640 3278 798 3344 tandem
836 3280 1115 3356 labefactatur,
1137 3285 1182 3346 ut

67 3459 70 3470 ,
140 3384 239 3450 adeo
262 3383 430 3448 Mosov
442 3383 481 3448 ii
499 3382 679 3467 opinione
694 3382 970 3474 constitutivae
988 3383 1182 3468 bilispar·

141 3494 201 3553 tes
232 3487 409 3572 proprias
440 3491 650 3572 sequantur
677 3486 924 3552 attractionis
952 3493 990 3550 et
1017 3487 1182 3570 repulsi·

137 3591 226 3656 onis
251 3592 426 3674 regulas,
450 3610 472 3652 a
490 3609 527 3652 se
549 3589 749 3664 recedant,
772 3595 809 3654 et
835 3589 884 3654 ad
905 3589 1008 3672 leges
1029 3589 1181 3654 electri-

140 3717 207 3760 cas
227 3695 450 3780 polaritatis
481 3693 790 3780 crystalliaentur
811 3693 872 3782 b).
905 3695 1091 3760 Videntur
1112 3715 1180 3760 au·

139 3809 222 3867 tem
241 3803 416 3884 depressa
434 3819 613 3880 vasorum
631 3799 879 3872 bilifsrorum
898 3801 1078 3885 organica
1095 3821 1183 3866 con·

137 3906 382 3980 tractilitas,
413 3910 450 3970 et
487 3903 588 3987 justo
624 3902 747 3985 major
784 3903 959 3969 humoris
995 3903 1182 3970 tenacitas

140 4010 425 4098 principiorum
467 4007 629 4072 secessui
663 4013 701 4072 et
732 4005 1001 4090 inspissationi
1040 4009 1182 4072 lavere.

141 4119 237 4182 Cum
258 4133 395 4198 nempe
416 4111 560 4176 humor
576 4111 724 4176 diutius
745 4111 787 4176 in
809 4111 1030 4176 excretoriis
1055 4107 1182 4174 ducti-

138 4221 211 4286 bus
238 4223 519 4299 commoratur,
542 4217 697 4284 tenuior
726 4217 805 4302 ejus
834 4238 922 4301 pars
944 4201 1182 4288 resorbetur,

141 4325 180 4390 et
202 4319 346 4392 accidit
367 4319 485 4390 simul
516 4319 672 4389 uberior
701 4319 845 4388 cholici
874 4317 1081 4406 oxydatio,
1107 4336 1180 4404 quo
