2922 4996
237 471 240 478 ,
273 399 344 480 ,ιιὸ
384 371 472 458 nir.
488 383 517 452 13
528 389 618 452 css.
631 387 677 450 11.
695 385 755 450 De
768 399 957 451 sumans.
970 401 1231 458 messuere.

151 611 153 616 Ι
269 533 517 622 .cte(§.1ao·
540 555 577 599 n·
596 552 627 616 5.
643 534 673 618 ),
696 534 885 632 cryptulis
916 531 1126 619 muciparis
1149 537 1314 614 referta,

272 641 398 726 plicae
426 639 614 722 majores,
637 636 775 722 quibus
807 637 923 722 cys'tis
945 639 986 702 in
1012 639 1158 703 loculos
1180 641 1314 704 variae

272 741 547 824 amplitudinis
579 760 621 805 ac
649 739 796 825 figurae
826 739 1110 817 subdividitur,
1141 749 1179 806 et
1201 745 1314 828 rugas

271 847 441 916 minores
460 843 661 930 effingens.
683 847 726 910 In
750 844 847 910 collo
871 845 1030 930 cystidis
1050 852 1087 910 et
1110 846 1226 911 ductu
1249 867 1313 929 cy·

274 951 372 1026 atico
387 949 519 1020 eadem
531 949 662 1014 tunice
673 965 826 1012 mucosa
838 949 1012 1012 valvulas
1026 950 1172 1014 format
1184 955 1313 1014 trans-

275 1071 424 1126 versas,
450 1051 586 1134 spirali
614 1051 695 1114 fere
721 1049 933 1114 directione
960 1051 1192 1134 dispositas,
1219 1052 1314 1116 bilis

277 1157 458 1232 effluxum
478 1157 671 1222 morantes
682 1187 696 1228 ,ν
712 1147 873 1222 minime
886 1160 1025 1238 tamen
1045 1155 1314 1238 impedientes.

275 1259 453 1344 ,iungitur
472 1259 605 1323 tunica
631 1277 785 1321 mucosa
810 1274 904 1324 cum.-
919 1260 1094 1324 cellulari
1119 1280 1189 1342 ope
1223 1259 1314 1323 filo-

275 1382 362 1440 rum
386 1363 628 1430 cellularium
654 1362 854 1439 brevium,
879 1369 1009 1447 estque
1029 1364 1172 1428 intime
1194 1385 1314 1430 mem·

271 1457 397 1532 brana
406 1512 419 1545 ,
438 1472 482 1529 ut
499 1465 725 1544 iniectiones
747 1485 791 1528 ex
810 1471 903 1530 voto
927 1465 1165 1532 succedentes
1183 1474 1220 1532 et
1237 1468 1313 1532 mi·

271 1552 510 1661 'croscopicae
530 1569 668 1636 docent
683 1567 968 1657 observationes
977 1613 988 1646 ,
1002 1569 1226 1636 densissimo
1245 1593 1314 1636 va-

272 1664 407 1736 sorum
423 1671 610 1738 ¹tenuium
631 1657 707 1767 reti
734 1673 878 1738 referta
898 1673 950 1762 c).
986 1675 1140 1738 Invenit
1162 1677 1313 1754 Ham,-

274 1787 345 1842 nus
381 1794 467 1839 cum
498 1765 673 1858 pluribus
701 1775 789 1840 aliis
813 1778 897 1843 cell.
927 1778 1159 1842 anatomicis
1193 1777 1314 1846 fibras
1394 1843 1396 1851 .

204 1873 212 1888 '
277 1862 452 1964 aliquas,
473 1895 551 1939 non
564 1866 727 1962 ‘q'iride'm
749 1877 907 1960 rubras,
921 1877 1220 1962 longitudinales
1242 1901 1314 1964 po·

272 1969 504 2054 tissimum,
528 1982 652 2052 rarius
680 1983 799 2047 etiam
836 1983 1063 2059 circulares,
1096 1983 1145 2048 ad
1175 1983 1314 2050 interi·

275 2099 382 2144 orem
409 2081 612 2148 cellulosse
642 2087 798 2150 tunicae
831 2084 997 2165 faciem,
1029 2085 1313 2178 muscularibus

273 2182 386 2250 fibris
404 2190 600 2274 analoges.
622 2190 703 2254 Atii*
724 2177 815 2254 vero
837 2191 955 2256 fibras
984 2211 1047 2253 aas
1071 2191 1134 2255 vel
1155 2191 1313 2276 penitus

271 2308 353 2354 non
374 2291 579 2373 viderunt,
607 2296 670 2358 vel
703 2296 841 2358 saltem
871 2315 894 2357 a
921 2295 1203 2358 muscularibus
1240 2295 1314 2359 ali·

274 2411 366 2460 enas
386 2385 655 2483 declarant'd).
679 2397 827 2464 sivero
847 2398 1062 2460 remistano
1085 2395 1211 2462 debite
1229 2417 1312 2481 per-

272 2499 510 2582 pendamus,
529 2499 735 2564 manifeste
754 2507 936 2584 apparet,
955 2499 1111 2563 ductum
1131 2499 1312 2565 cheledo-

274 2601 414 2680 cbum,
437 2605 623 2700 cysticum
654 2609 693 2669 et
723 2605 944 2687 hepaticum
957 2643 968 2677 ,
1001 2624 1096 2667 vasa
1125 2603 1285 2668 biliaria
1299 2649 1313 2690 2

270 2701 475 2794 ipsamque
494 2708 613 2773 etiem
634 2705 821 2790 oystidem
842 2707 998 2770 felleum
1018 2705 1312 2787 productionem

198 2821 199 2828 ’
260 2831 353 2876 ,esse
382 2829 424 2874 ao
454 2809 753 2872 continuitatem
787 2807 965 2871 intestini
993 2809 1141 2886 tenuis,
1171 2806 1311 2871 iisdem

271 2911 448 2980 constare
477 2911 643 2987 tunicis,
669 2907 903 2994 eandemque
931 2911 1073 2974 habere
1103 2909 1311 2973 fabricam.

269 3019 367 3082 Sunt
384 3021 514 3078 autem
534 3012 657 3076 fibrae
677 3013 907 3076 musculeres
935 3011 1101 3095 ejusdem
1131 3011 1311 3075 intestini

271 3123 354 3182 tam
385 3123 569 3187 tenerae,
594 3121 637 3178 ut
664 3113 704 3178 in
732 3113 901 3178 robustis
930 3116 1067 3178 saltem
1099 3111 1311 3178 individuis

273 3217 442 3280 discerni
462 3216 589 3281 debite
611 3215 762 3299 possint
785 3213 806 3299 (
818 3223 846 3292 §-
869 3218 994 3300 285.);
1017 3216 1155 3279 debent
1178 3216 1311 3300 itaque
1351 3252 1367 3270 ι

272 3318 475 3384 volumine
505 3323 545 3382 et
571 3337 728 3382 numero
753 3317 794 3380 in
821 3311 898 3381 viis
927 3318 1097 3382 bilieriis
1126 3316 1220 3382 adeo
1246 3315 1311 3381 de-

274 3442 462 3497 crescere,
493 3428 535 3486 ut
556 3422 679 3486 textui
710 3421 892 3484 celluloso
914 3421 1139 3494 immersae,
1159 3426 1311 3486 armato

272 3521 394 3586 etiam
415 3521 524 3586 oculo
550 3543 588 3587 se
609 3521 824 3586 subducant
844 3519 1068 3602 plurimum.
1101 3519 1311 3584 Manifesta

272 3629 401 3688 autem
434 3624 593 3708 cystidis
624 3625 760 3695 felleas
790 3629 827 3716 et
853 3624 1032 3688 ductuum
1062 3623 1311 3712 biliariorum

207 3790 211 3800 ,
271 3729 558 3794 contrectilites
581 3749 648 3812 per
671 3727 932 3811 experimento
952 3729 1173 3808 Halleri,
1191 3730 1311 3796 zim,

270 3849 311 3894 m
326 3849 424 3896 erm
438 3851 534 3894 ann
551 3830 565 3894 i
578 3875 590 3906 ,
610 3830 741 3912 Jacobi
767 3829 891 3898 Fbutx
917 3837 988 3898 etc.
1001 3875 1013 3907 ,
1036 3837 1151 3916 atque
1173 3853 1218 3896 ea
1240 3831 1309 3896 ob·

270 3931 489 4000 servatione
507 3929 783 4005 confirmatur,
806 3931 907 4019 quod
927 3931 1053 3998 vesica
1070 3933 1187 4006 fellea
1209 3931 1310 4000 circa

272 4033 437 4098 calculos
468 4035 681 4100 arctissime
712 4055 824 4121 saepe
846 4037 1130 4121 constringatur
1150 4036 1205 4122 e).
1234 4037 1308 4102 Dc,

269 4133 386 4218 nique
407 4141 544 4204 notum
565 4141 640 4210 est,
663 4137 825 4210 ictorum
854 4145 891 4204 et
920 4139 1017 4204 alias
1047 4137 1307 4220 cholopob‘tici

271 4237 494 4326 systematis
527 4236 760 4312 adfectiones
792 4261 815 4312 a
844 4247 990 4316 terrore
1008 4282 1020 4324 ,
1056 4243 1116 4312 ira
1149 4247 1190 4316 et
1218 4241 1307 4316 aliie
