2956 4996
224 403 304 482 'aaa
389 402 475 468 Lus.
496 399 525 464 1.
544 402 635 464 css.
654 397 718 466 111.
743 401 1144 516 Ds'nusssnsssous.

142 581 144 586 ,
243 546 443 630 captacula
475 543 587 606 atrae
629 543 764 607 avibus
802 555 1029 628 praestant,
1063 531 1162 617 illud
1203 559 1289 633 est,

243 649 345 743 quod
383 665 517 729 corpus
545 644 688 719 levius,
714 665 859 732 proque
879 650 1014 714 volatu
1042 654 1169 736 aptius
1201 656 1287 718 red·
1344 703 1348 710 -

242 755 339 819 dant
356 750 418 837 h).
440 748 512 814 Ati
533 751 639 813 anim
657 751 885 816 cellularum
906 755 1031 818 calore
1048 755 1204 839 ¹interno
1224 779 1288 822 ex·

212 852 447 942 '‘panditur,
472 874 545 941 quo
566 839 712 940 *corpus
742 857 918 940 specifico
947 861 1116 942 pondere
1140 865 1287 930 minui·-

202 1033 206 1048 ,
236 945 313 1027 tur.
338 962 429 1025 Inde
454 977 541 1044 engo
563 961 756 1047 est,quod
779 983 888 1038 aves,
902 965 1025 1029 fracto
1046 967 1177 1053 'aliquo
1203 991 1288 1036 osse

238 1063 408 1147 majore,
437 1063 498 1148 vel
533 1063 638 1124 laeso
668 1063 769 1126 atris
797 1068 1066 1149 conceptaculo
1093 1069 1287 1146 thoracis,

239 1191 285 1234 ex
308 1171 395 1232 a'dre
417 1165 596 1230 decidant
616 1165 667 1252 i).
693 1151 852 1233 dontius
884 1176 1016 1247 autem
1038 1171 1283 1256 stringuntur·

237 1295 284 1338 aa
306 1263 405 1337 alitis
426 1271 702 1352 conceptacula
720 1273 884 1357 glottide
907 1276 1112 1352 clausa‚ut
1131 1278 1176 1350 in
1195 1298 1285 1342 can-

237 1383 280 1442 tu
309 1377 441 1439 avium
479 1395 557 1436 esse
590 1375 708 1452 solet3
732 1373 843 1448 unde.
863 1376 1034 1442 Alaudae
1067 1399 1110 1442 eo
1142 1381 1285 1445 fortius

238 1483 408 1556 canunt,
431 1495 506 1561 quo
538 1475 654 1540 altius
683 1478 833 1546 volant.
874 1477 1051 1544 Gaudent
1083 1488 1285 1564 praeterea

236 1603 339 1644 aves·
358 1577 524 1645 valvulis
559 1581 781 1656 nasalibus,
813 1582 951 1664 quibus
981 1583 1121 1648 clausis
1155 1587 1286 1658 aitr'in

225 1687 385 1750 ..ossibus
406 1685 544 1767 capitis
560 1684 806 1762 retinetu'rgsi
818 1685 938 1768 igitur-
957 1687 1114 1752 nauium
1134 1688 1232 1753 ostia
1243 1689 1289 1758 in

234 1787 378 1871 aquilis
399 1787 439 1848 vi
462 1785 694 1862 dilatentur,
708 1788 936 1853 observante
954 1791 1169 1857 Schnei‘d
1185 1813 1204 1856 e
1218 1811 1289 1872 ou¹

232 1892 278 1953 in
301 1890 467 1952 nimiam
491 1889 744 1964 altitudinem
769 1911 849 1956 sose
880 1893 1063 1959 extollere
1086 1915 1166 1961 non
1200 1915 1284 1964 am·

232 1993 336 2088 plius
359 1999 519 2077 possunt
537 1993 601 2086 a),

304 2157 517 2241 Raptilium
528 2159 730 2239 pulmones
741 2157 977 2241 peculiarem
992 2159 1139 2225 habent
1156 2162 1282 2230 sabri-
1368 2157 1378 2168 ’

231 2279 331 2328 cam.
353 2265 496 2344 Aspera
518 2261 665 2326 arteria
688 2263 791 2326 enim
823 2263 864 2326 in
894 2264 1090 2350 aliquibus
1123 2273 1280 2335 tantum

230 2359 274 2422 in
294 2359 487 2430 bsonchos
512 2362 712 2441 finditunj
725 2385 794 2428 noc
808 2358 904 2427 'abit
933 2364 975 2428 in
1000 2385 1129 2430 ramos
1147 2350 1278 2434 tenui-

231 2481 338 2540 ores,
362 2469 495 2527 aarum
513 2465 611 2528 ostio
637 2467 765 2548 amplo
796 2465 963 2542 desinit,
982 2467 1101 2548 inque
1125 2471 1282 2552 pulmo-

221 2583 299 2630 ·nes
328 2569 476 2650 amplos
498 2610 508 2643 ,
541 2569 879 2650 membranaceos,
902 2569 1009 2633 intus
1032 2571 1182 2635 cellulis
1208 2593 1279 2639 an-

230 2667 375 2751 gulatis
397 2657 564 2746 divisos,
585 2670 873 2735 ruminantium·
894 2670 1061 2738 reticulo
1080 2671 1145 2754 (ς
1170 2683 1242 2756 278.
1257 2674 1278 2760 )

228 2771 399 2849 similes,
423 2775 608 2856 aperituo.
643 2777 803 2838 Constat
829 2774 1027 2837 trachea
1016 2795 1057 2852 tn
1086 2776 1279 2862 plerisque

228 2876 385 2939 annulis
406 2877 670 2962 cartilagineis
693 2875 878 2961 integris,
901 2877 1004 2940 unde
1025 2875 1159 2942 fistula
1181 2881 1277 2946 haec
1299 2935 1302 2943 .

229 2977 363 3052 otissa,
386 2978 498 3043 fibris
528 2980 809 3046 muscularihus
829 2981 947 3044 facile
973 2978 1160 3046 destituta
1173 3025 1185 3060 ‚
1205 2979 1275 3050 nec

229 3081 491 3165 amplitudine
519 3104 587 3148 nec
619 3075 863 3168 longitudine
893 3084 1040 3150 mutari
1065 3090 1193 3168 potest
1222 3089 1277 3174 1).

224 3186 322 3250 Vasa
341 3179 562 3272 sanguifera
581 3189 764 3272 pauciora
786 3190 910 3254 sunt
898 3209 940 3252 m
958 3163 1163 3273 reptilium
1186 3191 1274 3276 pul·

156 3349 159 3360 ,
226 3265 407 3354 monibus
419 3331 431 3368 ,
452 3292 701 3379 formantque
720 3299 803 3356 sete
824 3285 1015 3378 quoddam
1035 3292 1160 3356 rarius
1187 3300 1272 3360 tum

225 3393 274 3456 in
291 3391 527 3475 parietibus,
551 3397 668 3462 tum
657 3419 699 3461 m
723 3397 872 3461 cellulis
907 3416 1039 3460 eorum
1069 3406 1271 3481 concepta-

225 3498 410 3564 culorum.
456 3501 735 3567 Desiderantuo
772 3501 837 3566 hic
867 3521 960 3565 vasa
1000 3503 1269 3581 bronchialia,

212 3600 413 3684 'siquidem
438 3577 591 3688 sanguis
610 3605 818 3669 artaniosus
831 3647 842 3683 ,
856 3622 947 3666 cum
963 3623 1104 3669 uenoso
1122 3606 1164 3671 in
1184 3606 1267 3689 ipso

224 3704 369 3768 corde'
360 3727 438 3787 pam
461 3709 618 3782 mistus,
642 3709 689 3770 ab
713 3708 789 3772 isto
818 3705 947 3770 minus
969 3704 1129 3796 differat
1153 3727 1270 3794 quam

220 3808 265 3873 in
294 3809 428 3876 avibus
461 3818 500 3876 et
531 3811 806 3876 mammalibus
826 3851 837 3886 ,
858 3809 1027 3896 adeoque
1058 3789 1269 3894 nutriendo

220 3911 400 3996 pulmoni
431 3913 550 3978 etiam
581 3912 821 3998 respondeat.
854 3897 930 3978 ¹¹His
959 3911 1133 3989 adcadit,
1167 3911 1269 4000 quod

221 4030 300 4078 una
324 4021 479 4084 tantum
511 4017 630 4082 tertia
665 4016 864 4101 sanguinis
891 4035 979 4100 pass
1003 4016 1045 4080 in
1067 4017 1269 4102 pulmones

223 4118 362 4199 abeat,
383 4119 531 4184 duabus
561 4119 689 4195 tentiis
716 4120 758 4185 in
788 4137 922 4204 corpus
946 4123 1172 4188 universum
1199 4135 1268 4202 pot·

218 4229 373 4288 eostam
404 4219 551 4288 missis.
584 4223 628 4288 In
649 4221 859 4311 aliquibus
891 4227 1023 4294 autem
1057 4220 1267 4318 suptilibus
