<?xml version="1.0" encoding="UTF-8"?>
<!DOCTYPE html PUBLIC "-//W3C//DTD XHTML 1.0 Transitional//EN"
    "http://www.w3.org/TR/xhtml1/DTD/xhtml1-transitional.dtd">
<html xmlns="http://www.w3.org/1999/xhtml" xml:lang="en" lang="en">
 <head>
  <title>
</title>
<meta http-equiv="Content-Type" content="text/html;charset=utf-8" />
  <meta name='ocr-system' content='tesseract 3.04.00' />
  <meta name='ocr-capabilities' content='ocr_page ocr_carea ocr_par ocr_line ocrx_word'/>
</head>
<body>
  <div class='ocr_page' id='page_1' title='image "./physiologiamedi03lenhgoog_0398.png"; bbox 0 0 2912 5000; ppageno 0'>
   <div class='ocr_carea' id='block_1_1' title="bbox 426 379 1177 455">
    <p class='ocr_par' dir='ltr' id='par_1_1' title="bbox 426 379 1177 455">
     <span class='ocr_line' id='line_1_1' title="bbox 426 379 1177 455; baseline 0.013 -19"><span class='ocrx_word' id='word_1_1' title='bbox 426 383 475 436; x_wconf 75' lang='lat' dir='ltr'><strong>ET</strong></span> <span class='ocrx_word' id='word_1_2' title='bbox 499 379 879 438; x_wconf 69' lang='lat' dir='ltr'><strong>sansumclrtottl·</strong></span> <span class='ocrx_word' id='word_1_3' title='bbox 1100 383 1177 455; x_wconf 59' lang='lat' dir='ltr'><strong>&#39;dil</strong></span> 
     </span>
    </p>
   </div>
   <div class='ocr_carea' id='block_1_2' title="bbox 82 497 1270 991">
    <p class='ocr_par' dir='ltr' id='par_1_2' title="bbox 82 497 1270 991">
     <span class='ocr_line' id='line_1_2' title="bbox 82 497 1270 632; baseline 0.003 -51"><span class='ocrx_word' id='word_1_4' title='bbox 82 539 86 546; x_wconf 93' lang='lat'><em>·</em></span> <span class='ocrx_word' id='word_1_5' title='bbox 124 510 357 600; x_wconf 80' lang='lat' dir='ltr'><strong>eanguinem</strong></span> <span class='ocrx_word' id='word_1_6' title='bbox 378 513 545 597; x_wconf 73' lang='lat' dir='ltr'><strong>&#39;penitus</strong></span> <span class='ocrx_word' id='word_1_7' title='bbox 568 517 725 576; x_wconf 85' lang='lat' dir='ltr'><strong>mutent</strong></span> <span class='ocrx_word' id='word_1_8' title='bbox 753 509 812 597; x_wconf 76' lang='grc' dir='ltr'><strong>(ς.</strong></span> <span class='ocrx_word' id='word_1_9' title='bbox 834 531 877 598; x_wconf 84' lang='lat'><strong>35</strong></span> <span class='ocrx_word' id='word_1_10' title='bbox 875 517 961 632; x_wconf 70' lang='lat'>.¹&#39;)&#39;</span> <span class='ocrx_word' id='word_1_11' title='bbox 988 497 1183 604; x_wconf 77' lang='lat' dir='ltr'><strong>certisque</strong></span> <span class='ocrx_word' id='word_1_12' title='bbox 1263 503 1270 558; x_wconf 61' lang='grc' dir='ltr'>Γ</span> 
     </span>
     <span class='ocr_line' id='line_1_3' title="bbox 87 615 1187 706; baseline 0.005 -24"><span class='ocrx_word' id='word_1_13' title='bbox 87 633 93 644; x_wconf 91' lang='grc'><em>·</em></span> <span class='ocrx_word' id='word_1_14' title='bbox 130 639 220 701; x_wconf 89' lang='lat' dir='ltr'><strong>eum</strong></span> <span class='ocrx_word' id='word_1_15' title='bbox 249 621 410 706; x_wconf 72' lang='lat' dir='ltr'><strong>augeat</strong></span> <span class='ocrx_word' id='word_1_16' title='bbox 419 622 458 682; x_wconf 85' lang='lat' dir='ltr'><strong>et</strong></span> <span class='ocrx_word' id='word_1_17' title='bbox 487 616 672 680; x_wconf 87' lang='lat' dir='ltr'><strong>minuunt</strong></span> <span class='ocrx_word' id='word_1_18' title='bbox 700 615 929 700; x_wconf 84' lang='lat' dir='ltr'><strong>principiis,</strong></span> <span class='ocrx_word' id='word_1_19' title='bbox 960 628 999 686; x_wconf 89' lang='lat' dir='ltr'><strong>et</strong></span> <span class='ocrx_word' id='word_1_20' title='bbox 1023 641 1187 691; x_wconf 74' lang='lat' dir='ltr'><strong>concur--</strong></span> 
     </span>
     <span class='ocr_line' id='line_1_4' title="bbox 128 717 1184 810; baseline 0.002 -20"><span class='ocrx_word' id='word_1_21' title='bbox 128 732 223 790; x_wconf 84' lang='lat' dir='ltr'><strong>runt</strong></span> <span class='ocrx_word' id='word_1_22' title='bbox 244 723 292 787; x_wconf 89' lang='lat' dir='ltr'><strong>ad</strong></span> <span class='ocrx_word' id='word_1_23' title='bbox 314 719 559 786; x_wconf 85' lang='lat' dir='ltr'><strong>haematosin</strong></span> <span class='ocrx_word' id='word_1_24' title='bbox 586 740 654 784; x_wconf 83' lang='lat' dir='ltr'><strong>suo</strong></span> <span class='ocrx_word' id='word_1_25' title='bbox 678 723 778 784; x_wconf 85' lang='lat' dir='ltr'><strong>certe</strong></span> <span class='ocrx_word' id='word_1_26' title='bbox 805 723 920 788; x_wconf 87' lang='lat' dir='ltr'><strong>modo</strong></span> <span class='ocrx_word' id='word_1_27' title='bbox 948 717 1029 790; x_wconf 83' lang='lat' dir='ltr'><strong>lien</strong></span> <span class='ocrx_word' id='word_1_28' title='bbox 1042 767 1053 802; x_wconf 91' lang='lat'>,</span> <span class='ocrx_word' id='word_1_29' title='bbox 1072 729 1184 810; x_wconf 77' lang='lat' dir='ltr'><strong>glen-</strong></span> 
     </span>
     <span class='ocr_line' id='line_1_5' title="bbox 130 809 1184 910; baseline 0.007 -23"><span class='ocrx_word' id='word_1_30' title='bbox 130 823 224 888; x_wconf 82' lang='lat' dir='ltr'><strong>dule</strong></span> <span class='ocrx_word' id='word_1_31' title='bbox 255 822 518 910; x_wconf 83' lang='lat' dir='ltr'><strong>thyrsoidea,</strong></span> <span class='ocrx_word' id='word_1_32' title='bbox 554 819 736 906; x_wconf 79' lang='lat' dir='ltr'><strong>thymus,</strong></span> <span class='ocrx_word' id='word_1_33' title='bbox 767 845 876 894; x_wconf 78' lang='lat' dir='ltr'><strong>renes</strong></span> <span class='ocrx_word' id='word_1_34' title='bbox 904 809 1184 894; x_wconf 80' lang='lat' dir='ltr'><strong>edocenturiati</strong></span> 
     </span>
     <span class='ocr_line' id='line_1_6' title="bbox 132 933 219 991; baseline 0 -1"><span class='ocrx_word' id='word_1_35' title='bbox 132 933 219 991; x_wconf 89' lang='lat' dir='ltr'><strong>etc</strong></span> 
     </span>
    </p>
   </div>
   <div class='ocr_carea' id='block_1_3' title="bbox 77 1087 1269 1910">
    <p class='ocr_par' dir='ltr' id='par_1_3' title="bbox 77 1087 1269 1910">
     <span class='ocr_line' id='line_1_7' title="bbox 93 1087 1178 1182; baseline 0.002 -26"><span class='ocrx_word' id='word_1_36' title='bbox 93 1137 97 1144; x_wconf 78' lang='lat'>,</span> <span class='ocrx_word' id='word_1_37' title='bbox 139 1137 142 1142; x_wconf 89' lang='lat'><em>-</em></span> <span class='ocrx_word' id='word_1_38' title='bbox 217 1095 317 1176; x_wconf 84' lang='lat' dir='ltr'><strong>Quia</strong></span> <span class='ocrx_word' id='word_1_39' title='bbox 335 1110 425 1156; x_wconf 84' lang='lat' dir='ltr'><strong>vero</strong></span> <span class='ocrx_word' id='word_1_40' title='bbox 446 1087 629 1158; x_wconf 86' lang='lat' dir='ltr'><strong>vasorum</strong></span> <span class='ocrx_word' id='word_1_41' title='bbox 662 1093 1178 1182; x_wconf 80' lang='lat' dir='ltr'><strong>sauguiferorumetcordis</strong></span> 
     </span>
     <span class='ocr_line' id='line_1_8' title="bbox 77 1197 1184 1284; baseline 0 -20"><span class='ocrx_word' id='word_1_42' title='bbox 77 1240 82 1248; x_wconf 88' lang='lat'><em>·</em></span> <span class='ocrx_word' id='word_1_43' title='bbox 133 1197 235 1264; x_wconf 80' lang='lat' dir='ltr'><strong>actio</strong></span> <span class='ocrx_word' id='word_1_44' title='bbox 247 1244 257 1276; x_wconf 94' lang='lat'><strong><em>,</em></strong></span> <span class='ocrx_word' id='word_1_45' title='bbox 270 1203 387 1284; x_wconf 88' lang='lat' dir='ltr'><strong>atque</strong></span> <span class='ocrx_word' id='word_1_46' title='bbox 406 1215 637 1282; x_wconf 80' lang='lat' dir='ltr'>organorum</span> <span class='ocrx_word' id='word_1_47' title='bbox 655 1200 940 1264; x_wconf 65' lang='lat' dir='ltr'><strong>secernentium</strong></span> <span class='ocrx_word' id='word_1_48' title='bbox 962 1199 1184 1264; x_wconf 87' lang='lat' dir='ltr'><strong>functiones</strong></span> 
     </span>
     <span class='ocr_line' id='line_1_9' title="bbox 129 1297 1186 1387; baseline -0.002 -20"><span class='ocrx_word' id='word_1_49' title='bbox 129 1298 430 1386; x_wconf 77' lang='lat' dir='ltr'><strong>b&#39;iodynamicee</strong></span> <span class='ocrx_word' id='word_1_50' title='bbox 463 1298 655 1380; x_wconf 84' lang='lat' dir='ltr'><strong>subjectae</strong></span> <span class='ocrx_word' id='word_1_51' title='bbox 675 1305 777 1364; x_wconf 76' lang='lat' dir='ltr'><strong>¹sunt</strong></span> <span class='ocrx_word' id='word_1_52' title='bbox 795 1301 981 1382; x_wconf 77' lang='lat' dir='ltr'><strong>potestati</strong></span> <span class='ocrx_word' id='word_1_53' title='bbox 1006 1297 1059 1382; x_wconf 64' lang='lat'><strong>(§.⁴</strong></span> <span class='ocrx_word' id='word_1_54' title='bbox 1075 1304 1186 1387; x_wconf 64' lang='lat'>354),</span> 
     </span>
     <span class='ocr_line' id='line_1_10' title="bbox 130 1400 1185 1486; baseline 0.003 -22"><span class='ocrx_word' id='word_1_55' title='bbox 130 1403 218 1484; x_wconf 85' lang='lat' dir='ltr'><strong>ipsa</strong></span> <span class='ocrx_word' id='word_1_56' title='bbox 240 1417 386 1484; x_wconf 86' lang='lat' dir='ltr'><strong>quoque</strong></span> <span class='ocrx_word' id='word_1_57' title='bbox 415 1400 686 1482; x_wconf 82' lang='lat' dir='ltr'><strong>sanguificatio</strong></span> <span class='ocrx_word' id='word_1_58' title='bbox 709 1423 777 1485; x_wconf 82' lang='lat' dir='ltr'><strong>per</strong></span> <span class='ocrx_word' id='word_1_59' title='bbox 807 1402 970 1486; x_wconf 85' lang='lat' dir='ltr'><strong>vitalem</strong></span> <span class='ocrx_word' id='word_1_60' title='bbox 995 1403 1185 1486; x_wconf 84' lang='lat' dir='ltr'><strong>guberna·</strong></span> 
     </span>
     <span class='ocr_line' id='line_1_11' title="bbox 132 1503 1184 1588; baseline 0.001 -20"><span class='ocrx_word' id='word_1_61' title='bbox 132 1505 426 1585; x_wconf 16' lang='lat' dir='ltr'><strong>turkenergiam.</strong></span> <span class='ocrx_word' id='word_1_62' title='bbox 458 1503 661 1588; x_wconf 81' lang='lat' dir='ltr'><strong>Quidquid</strong></span> <span class='ocrx_word' id='word_1_63' title='bbox 681 1505 808 1588; x_wconf 83' lang='lat' dir='ltr'><strong>igitur</strong></span> <span class='ocrx_word' id='word_1_64' title='bbox 830 1525 1037 1568; x_wconf 86' lang='lat' dir='ltr'><strong>nervorum</strong></span> <span class='ocrx_word' id='word_1_65' title='bbox 1061 1511 1184 1588; x_wconf 83' lang='lat' dir='ltr'><strong>syste-</strong></span> 
     </span>
     <span class='ocr_line' id='line_1_12' title="bbox 131 1605 1269 1691; baseline -0.004 -18"><span class='ocrx_word' id='word_1_66' title='bbox 131 1627 227 1683; x_wconf 86' lang='lat' dir='ltr'><strong>ma,</strong></span> <span class='ocrx_word' id='word_1_67' title='bbox 259 1606 504 1691; x_wconf 81' lang='lat' dir='ltr'><strong>gangliorum</strong></span> <span class='ocrx_word' id='word_1_68' title='bbox 538 1607 741 1690; x_wconf 73' lang='lat' dir='ltr'><strong>praecipue</strong></span> <span class='ocrx_word' id='word_1_69' title='bbox 779 1605 949 1684; x_wconf 84' lang='lat' dir='ltr'><strong>adlicit,</strong></span> <span class='ocrx_word' id='word_1_70' title='bbox 982 1607 1201 1689; x_wconf 64' lang='lat' dir='ltr'><strong>sanguinis</strong></span> <span class='ocrx_word' id='word_1_71' title='bbox 1258 1661 1269 1690; x_wconf 71' lang='grc'><strong><em>,</em></strong></span> 
     </span>
     <span class='ocr_line' id='line_1_13' title="bbox 132 1709 1185 1797; baseline 0.005 -23"><span class='ocrx_word' id='word_1_72' title='bbox 132 1728 285 1797; x_wconf 88' lang='lat' dir='ltr'><strong>quoque</strong></span> <span class='ocrx_word' id='word_1_73' title='bbox 317 1710 502 1793; x_wconf 77' lang='lat' dir='ltr'><strong>depravat</strong></span> <span class='ocrx_word' id='word_1_74' title='bbox 542 1709 773 1796; x_wconf 80' lang='lat' dir='ltr'><strong>qualitates,</strong></span> <span class='ocrx_word' id='word_1_75' title='bbox 800 1710 900 1795; x_wconf 87' lang='lat' dir='ltr'><strong>quod</strong></span> <span class='ocrx_word' id='word_1_76' title='bbox 932 1711 1185 1779; x_wconf 82' lang='lat' dir='ltr'><strong>miasmatum</strong></span> 
     </span>
     <span class='ocr_line' id='line_1_14' title="bbox 133 1812 1179 1910; baseline 0.002 -35"><span class='ocrx_word' id='word_1_77' title='bbox 133 1812 506 1894; x_wconf 87' lang='lat' dir='ltr'><strong>imponderabilium</strong></span> <span class='ocrx_word' id='word_1_78' title='bbox 534 1821 573 1878; x_wconf 87' lang='lat' dir='ltr'><strong>et</strong></span> <span class='ocrx_word' id='word_1_79' title='bbox 600 1813 724 1906; x_wconf 81' lang='lat' dir='ltr'><strong>animi</strong></span> <span class='ocrx_word' id='word_1_80' title='bbox 751 1813 979 1896; x_wconf 79' lang='lat' dir='ltr'>passionum</span> <span class='ocrx_word' id='word_1_81' title='bbox 1004 1813 1179 1910; x_wconf 34' lang='lat' dir='ltr'><strong>&#39;ostendit</strong></span> 
     </span>
    </p>
   </div>
   <div class='ocr_carea' id='block_1_4' title="bbox 135 1915 1185 2048">
    <p class='ocr_par' dir='ltr' id='par_1_4' title="bbox 135 1915 1185 2048">
     <span class='ocr_line' id='line_1_15' title="bbox 135 1915 304 1992; baseline 0.024 -15"><span class='ocrx_word' id='word_1_82' title='bbox 135 1915 304 1992; x_wconf 78' lang='lat' dir='ltr'><strong>effectus.</strong></span> 
     </span>
     <span class='ocr_line' id='line_1_16' title="bbox 997 2014 1185 2048; baseline -0.021 0"><span class='ocrx_word' id='word_1_83' title='bbox 997 2014 1001 2048; x_wconf 87' lang='lat' dir='ltr'><strong>l</strong></span> <span class='ocrx_word' id='word_1_84' title='bbox 1019 2017 1022 2024; x_wconf 65' lang='lat'><strong><em>¹</em></strong></span> <span class='ocrx_word' id='word_1_85' title='bbox 1107 2015 1111 2026; x_wconf 74' lang='grc'><em>“</em></span> <span class='ocrx_word' id='word_1_86' title='bbox 1178 2033 1185 2044; x_wconf 84' lang='lat'><em>.</em></span> 
     </span>
    </p>
   </div>
   <div class='ocr_carea' id='block_1_5' title="bbox 134 2056 1189 2382">
    <p class='ocr_par' dir='ltr' id='par_1_5' title="bbox 134 2056 1189 2373">
     <span class='ocr_line' id='line_1_17' title="bbox 202 2056 1189 2164; baseline 0.003 -20.043"><span class='ocrx_word' id='word_1_87' title='bbox 202 2080 309 2164; x_wconf 84' lang='lat' dir='ltr'><strong>Eget</strong></span> <span class='ocrx_word' id='word_1_88' title='bbox 330 2086 457 2144; x_wconf 83' lang='lat' dir='ltr'><strong>autem</strong></span> <span class='ocrx_word' id='word_1_89' title='bbox 479 2085 617 2145; x_wconf 86' lang='lat' dir='ltr'><strong>natura</strong></span> <span class='ocrx_word' id='word_1_90' title='bbox 641 2056 853 2164; x_wconf 82' lang='lat' dir='ltr'><strong>organismi</strong></span> <span class='ocrx_word' id='word_1_91' title='bbox 874 2080 1058 2146; x_wconf 85' lang='lat' dir='ltr'><strong>animalis</strong></span> <span class='ocrx_word' id='word_1_92' title='bbox 1082 2087 1189 2147; x_wconf 83' lang='lat' dir='ltr'><strong>oerto</strong></span> 
     </span>
     <span class='ocr_line' id='line_1_18' title="bbox 135 2185 1188 2301; baseline 0.004 -53"><span class='ocrx_word' id='word_1_93' title='bbox 135 2186 321 2301; x_wconf 85' lang='lat' dir='ltr'><strong>quodam</strong></span> <span class='ocrx_word' id='word_1_94' title='bbox 323 2191 572 2272; x_wconf 85' lang='lat' dir='ltr'><strong>tempore,ut</strong></span> <span class='ocrx_word' id='word_1_95' title='bbox 595 2185 751 2272; x_wconf 91' lang='lat' dir='ltr'><strong>chylum</strong></span> <span class='ocrx_word' id='word_1_96' title='bbox 774 2193 812 2249; x_wconf 85' lang='lat' dir='ltr'><strong>et</strong></span> <span class='ocrx_word' id='word_1_97' title='bbox 831 2187 1034 2270; x_wconf 81' lang='lat' dir='ltr'>lympham</span> <span class='ocrx_word' id='word_1_98' title='bbox 1058 2194 1188 2252; x_wconf 86' lang='lat' dir='ltr'><strong>trans·</strong></span> 
     </span>
     <span class='ocr_line' id='line_1_19' title="bbox 134 2285 1188 2382; baseline 0.005 -32"><span class='ocrx_word' id='word_1_99' title='bbox 134 2308 187 2358; x_wconf 86' lang='lat' dir='ltr'><strong>m</strong></span> <span class='ocrx_word' id='word_1_100' title='bbox 191 2295 296 2382; x_wconf 71' lang='lat' dir='ltr'><strong>stare</strong></span> <span class='ocrx_word' id='word_1_101' title='bbox 310 2285 350 2352; x_wconf 89' lang='lat' dir='ltr'><strong>in</strong></span> <span class='ocrx_word' id='word_1_102' title='bbox 371 2289 597 2372; x_wconf 84' lang='lat' dir='ltr'><strong>sanguinem</strong></span> <span class='ocrx_word' id='word_1_103' title='bbox 620 2305 755 2359; x_wconf 84' lang='lat' dir='ltr'><strong>verum</strong></span> <span class='ocrx_word' id='word_1_104' title='bbox 779 2289 912 2372; x_wconf 82' lang='lat' dir='ltr'><strong>possit.</strong></span> <span class='ocrx_word' id='word_1_105' title='bbox 944 2288 1036 2368; x_wconf 86' lang='lat' dir='ltr'><strong>Ipde</strong></span> <span class='ocrx_word' id='word_1_106' title='bbox 1065 2289 1188 2373; x_wconf 80' lang='lat' dir='ltr'><strong>igitur</strong></span> 
     </span>
    </p>
   </div>
   <div class='ocr_carea' id='block_1_6' title="bbox 136 2382 1299 2496">
    <p class='ocr_par' dir='ltr' id='par_1_6' title="bbox 136 2382 1299 2496">
     <span class='ocr_line' id='line_1_20' title="bbox 136 2382 1299 2496; baseline 0.002 -36"><span class='ocrx_word' id='word_1_107' title='bbox 136 2403 215 2476; x_wconf 86' lang='lat' dir='ltr'><strong>est,</strong></span> <span class='ocrx_word' id='word_1_108' title='bbox 246 2393 354 2482; x_wconf 92' lang='lat' dir='ltr'><strong>quod</strong></span> <span class='ocrx_word' id='word_1_109' title='bbox 377 2394 554 2479; x_wconf 82' lang='lat' dir='ltr'><strong>sanguis,</strong></span> <span class='ocrx_word' id='word_1_110' title='bbox 565 2394 725 2496; x_wconf 82' lang='lat' dir='ltr'><strong>qui8-.-</strong></span> <span class='ocrx_word' id='word_1_111' title='bbox 695 2417 773 2459; x_wconf 78' lang='grc' dir='ltr'><strong>-ιο</strong></span> <span class='ocrx_word' id='word_1_112' title='bbox 803 2394 906 2460; x_wconf 87' lang='lat' dir='ltr'><strong>lioris</strong></span> <span class='ocrx_word' id='word_1_113' title='bbox 929 2402 1027 2482; x_wconf 90' lang='lat' dir='ltr'><strong>post</strong></span> <span class='ocrx_word' id='word_1_114' title='bbox 1056 2396 1188 2462; x_wconf 88' lang='lat' dir='ltr'><strong>cibum</strong></span> <span class='ocrx_word' id='word_1_115' title='bbox 1295 2382 1299 2390; x_wconf 63' lang='grc'><strong>’</strong></span> 
     </span>
    </p>
   </div>
   <div class='ocr_carea' id='block_1_7' title="bbox 134 2495 1192 2894">
    <p class='ocr_par' dir='ltr' id='par_1_7' title="bbox 134 2495 1192 2894">
     <span class='ocr_line' id='line_1_21' title="bbox 135 2495 1189 2584; baseline 0 -22"><span class='ocrx_word' id='word_1_116' title='bbox 135 2495 356 2564; x_wconf 79' lang='lat' dir='ltr'><strong>adsumtum</strong></span> <span class='ocrx_word' id='word_1_117' title='bbox 377 2497 572 2576; x_wconf 81' lang='lat' dir='ltr'><strong>mittitur,</strong></span> <span class='ocrx_word' id='word_1_118' title='bbox 586 2499 771 2584; x_wconf 85' lang='lat' dir='ltr'><strong>lymphae</strong></span> <span class='ocrx_word' id='word_1_119' title='bbox 789 2499 961 2563; x_wconf 87' lang='lat' dir='ltr'><strong>nondum</strong></span> <span class='ocrx_word' id='word_1_120' title='bbox 984 2497 1079 2562; x_wconf 87' lang='lat' dir='ltr'><strong>satis</strong></span> <span class='ocrx_word' id='word_1_121' title='bbox 1098 2499 1189 2562; x_wconf 84' lang='lat' dir='ltr'><strong>sub·</strong></span> 
     </span>
     <span class='ocr_line' id='line_1_22' title="bbox 137 2600 1184 2688; baseline 0.001 -21"><span class='ocrx_word' id='word_1_122' title='bbox 137 2607 247 2666; x_wconf 84' lang='lat' dir='ltr'><strong>aetas</strong></span> <span class='ocrx_word' id='word_1_123' title='bbox 276 2600 455 2675; x_wconf 77' lang='lat' dir='ltr'><strong>exhibeat</strong></span> <span class='ocrx_word' id='word_1_124' title='bbox 476 2601 623 2668; x_wconf 85' lang='lat' dir='ltr'><strong>indicia</strong></span> <span class='ocrx_word' id='word_1_125' title='bbox 646 2600 707 2684; x_wconf 73' lang='grc' dir='ltr'><strong>(ς.</strong></span> <span class='ocrx_word' id='word_1_126' title='bbox 736 2603 868 2688; x_wconf 88' lang='lat'><strong>107.),</strong></span> <span class='ocrx_word' id='word_1_127' title='bbox 896 2606 935 2664; x_wconf 85' lang='lat' dir='ltr'><strong>et</strong></span> <span class='ocrx_word' id='word_1_128' title='bbox 956 2606 1091 2685; x_wconf 88' lang='lat' dir='ltr'><strong>potest</strong></span> <span class='ocrx_word' id='word_1_129' title='bbox 1102 2603 1184 2668; x_wconf 81' lang='lat' dir='ltr'><strong>fere</strong></span> 
     </span>
     <span class='ocr_line' id='line_1_23' title="bbox 134 2703 1186 2790; baseline -0.002 -20"><span class='ocrx_word' id='word_1_130' title='bbox 134 2705 285 2784; x_wconf 86' lang='lat' dir='ltr'><strong>statui,</strong></span> <span class='ocrx_word' id='word_1_131' title='bbox 307 2708 434 2772; x_wconf 88' lang='lat' dir='ltr'><strong>totum</strong></span> <span class='ocrx_word' id='word_1_132' title='bbox 456 2705 495 2770; x_wconf 91' lang='lat' dir='ltr'><strong>id</strong></span> <span class='ocrx_word' id='word_1_133' title='bbox 529 2726 622 2790; x_wconf 90' lang='lat' dir='ltr'><strong>opus</strong></span> <span class='ocrx_word' id='word_1_134' title='bbox 647 2725 714 2790; x_wconf 88' lang='lat' dir='ltr'><strong>per</strong></span> <span class='ocrx_word' id='word_1_135' title='bbox 745 2703 861 2770; x_wconf 86' lang='lat' dir='ltr'><strong>horas</strong></span> <span class='ocrx_word' id='word_1_136' title='bbox 887 2723 923 2772; x_wconf 65' lang='grc' dir='ltr'><strong>ια</strong></span> <span class='ocrx_word' id='word_1_137' title='bbox 951 2705 993 2768; x_wconf 91' lang='lat' dir='ltr'><strong>in</strong></span> <span class='ocrx_word' id='word_1_138' title='bbox 1023 2703 1186 2768; x_wconf 87' lang='lat' dir='ltr'><strong>homine</strong></span> 
     </span>
     <span class='ocr_line' id='line_1_24' title="bbox 134 2803 1192 2894; baseline -0.002 -22"><span class='ocrx_word' id='word_1_139' title='bbox 134 2803 232 2872; x_wconf 76' lang='lat' dir='ltr'><strong>sasso</strong></span> <span class='ocrx_word' id='word_1_140' title='bbox 264 2807 423 2891; x_wconf 83' lang='lat' dir='ltr'><strong>perfici,</strong></span> <span class='ocrx_word' id='word_1_141' title='bbox 459 2809 576 2884; x_wconf 86' lang='lat' dir='ltr'><strong>adeo,</strong></span> <span class='ocrx_word' id='word_1_142' title='bbox 607 2812 651 2872; x_wconf 90' lang='lat' dir='ltr'><strong>ut</strong></span> <span class='ocrx_word' id='word_1_143' title='bbox 683 2813 798 2890; x_wconf 85' lang='lat' dir='ltr'><strong>potus</strong></span> <span class='ocrx_word' id='word_1_144' title='bbox 840 2812 879 2871; x_wconf 89' lang='lat' dir='ltr'><strong>et</strong></span> <span class='ocrx_word' id='word_1_145' title='bbox 909 2807 988 2872; x_wconf 90' lang='lat' dir='ltr'><strong>cibi</strong></span> <span class='ocrx_word' id='word_1_146' title='bbox 1021 2808 1192 2894; x_wconf 78' lang='lat' dir='ltr'><strong>ingesti,</strong></span> 
     </span>
    </p>
   </div>
   <div class='ocr_carea' id='block_1_8' title="bbox 99 2899 1316 3000">
    <p class='ocr_par' dir='ltr' id='par_1_8' title="bbox 99 2899 1316 3000">
     <span class='ocr_line' id='line_1_25' title="bbox 99 2899 1316 3000; baseline 0.002 -24"><span class='ocrx_word' id='word_1_147' title='bbox 99 2918 100 2926; x_wconf 77' lang='grc'>’</span> <span class='ocrx_word' id='word_1_148' title='bbox 135 2917 326 3000; x_wconf 88' lang='lat' dir='ltr'><strong>quantum</strong></span> <span class='ocrx_word' id='word_1_149' title='bbox 359 2899 580 2976; x_wconf 75' lang='lat' dir='ltr'><strong>adsimilari</strong></span> <span class='ocrx_word' id='word_1_150' title='bbox 610 2915 770 2996; x_wconf 85' lang='lat' dir='ltr'><strong>possunt</strong></span> <span class='ocrx_word' id='word_1_151' title='bbox 788 2955 800 2988; x_wconf 92' lang='lat'><strong><em>,</em></strong></span> <span class='ocrx_word' id='word_1_152' title='bbox 826 2911 933 2976; x_wconf 84' lang='lat' dir='ltr'><strong>intra</strong></span> <span class='ocrx_word' id='word_1_153' title='bbox 964 2909 1004 2974; x_wconf 92' lang='lat' dir='ltr'><strong>id</strong></span> <span class='ocrx_word' id='word_1_154' title='bbox 1035 2917 1192 2994; x_wconf 81' lang='lat' dir='ltr'><strong>tempus</strong></span> <span class='ocrx_word' id='word_1_155' title='bbox 1314 2969 1316 2978; x_wconf 80' lang='grc'>,</span> 
     </span>
    </p>
   </div>
   <div class='ocr_carea' id='block_1_9' title="bbox 135 3013 1230 3306">
    <p class='ocr_par' dir='ltr' id='par_1_9' title="bbox 135 3013 1230 3306">
     <span class='ocr_line' id='line_1_26' title="bbox 136 3013 1194 3103; baseline -0.005 -20"><span class='ocrx_word' id='word_1_156' title='bbox 136 3020 181 3084; x_wconf 89' lang='lat' dir='ltr'><strong>in</strong></span> <span class='ocrx_word' id='word_1_157' title='bbox 210 3017 438 3103; x_wconf 85' lang='lat' dir='ltr'><strong>sanguinem</strong></span> <span class='ocrx_word' id='word_1_158' title='bbox 477 3021 764 3097; x_wconf 54' lang='lat' dir='ltr'><strong>convertantur.</strong></span> <span class='ocrx_word' id='word_1_159' title='bbox 809 3015 1060 3080; x_wconf 77' lang='lat' dir='ltr'><strong>concitantur</strong></span> <span class='ocrx_word' id='word_1_160' title='bbox 1093 3013 1194 3088; x_wconf 71' lang='lat' dir='ltr'><strong>uase¹</strong></span> 
     </span>
     <span class='ocr_line' id='line_1_27' title="bbox 135 3115 1185 3204; baseline -0.004 -18"><span class='ocrx_word' id='word_1_161' title='bbox 135 3121 360 3204; x_wconf 81' lang='lat' dir='ltr'><strong>sauguiiera</strong></span> <span class='ocrx_word' id='word_1_162' title='bbox 389 3125 427 3182; x_wconf 84' lang='lat' dir='ltr'><strong>et</strong></span> <span class='ocrx_word' id='word_1_163' title='bbox 459 3116 615 3204; x_wconf 83' lang='lat' dir='ltr'><strong>quasvis</strong></span> <span class='ocrx_word' id='word_1_164' title='bbox 650 3137 827 3204; x_wconf 86' lang='lat' dir='ltr'><strong>organa,</strong></span> <span class='ocrx_word' id='word_1_165' title='bbox 858 3115 907 3182; x_wconf 85' lang='lat' dir='ltr'><strong>ad</strong></span> <span class='ocrx_word' id='word_1_166' title='bbox 935 3115 1185 3182; x_wconf 85' lang='lat' dir='ltr'><strong>haematosin</strong></span> 
     </span>
     <span class='ocr_line' id='line_1_28' title="bbox 136 3220 1230 3306; baseline -0.005 -16"><span class='ocrx_word' id='word_1_167' title='bbox 136 3223 348 3301; x_wconf 72' lang='lat' dir='ltr'><strong>facientia,</strong></span> <span class='ocrx_word' id='word_1_168' title='bbox 378 3243 446 3306; x_wconf 86' lang='lat' dir='ltr'><strong>per</strong></span> <span class='ocrx_word' id='word_1_169' title='bbox 479 3220 682 3306; x_wconf 77' lang='lat' dir='ltr'><strong>lympham</strong></span> <span class='ocrx_word' id='word_1_170' title='bbox 712 3220 760 3286; x_wconf 87' lang='lat' dir='ltr'><strong>ad</strong></span> <span class='ocrx_word' id='word_1_171' title='bbox 789 3221 1028 3289; x_wconf 87' lang='lat' dir='ltr'><strong>reactionem</strong></span> <span class='ocrx_word' id='word_1_172' title='bbox 1057 3220 1193 3287; x_wconf 80' lang='lat' dir='ltr'><strong>uberi·</strong></span> <span class='ocrx_word' id='word_1_173' title='bbox 1227 3245 1230 3266; x_wconf 59' lang='grc' dir='ltr'>ν</span> 
     </span>
    </p>
   </div>
   <div class='ocr_carea' id='block_1_10' title="bbox 14 3315 1191 3412">
    <p class='ocr_par' dir='ltr' id='par_1_10' title="bbox 14 3315 1191 3412">
     <span class='ocr_line' id='line_1_29' title="bbox 14 3315 1191 3412; baseline -0.008 -17"><span class='ocrx_word' id='word_1_174' title='bbox 14 3315 16 3324; x_wconf 53' lang='grc'>’</span> <span class='ocrx_word' id='word_1_175' title='bbox 138 3347 275 3407; x_wconf 83' lang='lat' dir='ltr'><strong>orem3</strong></span> <span class='ocrx_word' id='word_1_176' title='bbox 306 3333 495 3412; x_wconf 83' lang='lat' dir='ltr'><strong>augentur</strong></span> <span class='ocrx_word' id='word_1_177' title='bbox 524 3325 755 3392; x_wconf 82' lang='lat' dir='ltr'><strong>secretiones</strong></span> <span class='ocrx_word' id='word_1_178' title='bbox 789 3329 827 3390; x_wconf 87' lang='lat' dir='ltr'><strong>et</strong></span> <span class='ocrx_word' id='word_1_179' title='bbox 859 3321 1120 3400; x_wconf 76' lang='lat' dir='ltr'><strong>exorationes,</strong></span> <span class='ocrx_word' id='word_1_180' title='bbox 1147 3327 1191 3390; x_wconf 86' lang='lat' dir='ltr'><strong>el:</strong></span> 
     </span>
    </p>
   </div>
   <div class='ocr_carea' id='block_1_11' title="bbox 135 3428 1188 3508">
    <p class='ocr_par' dir='ltr' id='par_1_11' title="bbox 135 3428 1188 3508">
     <span class='ocr_line' id='line_1_30' title="bbox 135 3428 1188 3508; baseline -0.007 -9"><span class='ocrx_word' id='word_1_181' title='bbox 135 3433 347 3502; x_wconf 73' lang='lat' dir='ltr'><strong>suscitatur</strong></span> <span class='ocrx_word' id='word_1_182' title='bbox 366 3429 602 3508; x_wconf 76' lang='lat' dir='ltr'><strong>febriculae,</strong></span> <span class='ocrx_word' id='word_1_183' title='bbox 628 3428 669 3493; x_wconf 87' lang='lat' dir='ltr'><strong>in</strong></span> <span class='ocrx_word' id='word_1_184' title='bbox 693 3429 951 3494; x_wconf 84' lang='lat' dir='ltr'><strong>debilioribus</strong></span> <span class='ocrx_word' id='word_1_185' title='bbox 970 3432 1123 3492; x_wconf 83' lang='lat' dir='ltr'><strong>tantum</strong></span> <span class='ocrx_word' id='word_1_186' title='bbox 1147 3431 1188 3492; x_wconf 87' lang='lat' dir='ltr'><strong>et</strong></span> 
     </span>
    </p>
   </div>
   <div class='ocr_carea' id='block_1_12' title="bbox 136 3513 1333 3616">
    <p class='ocr_par' dir='ltr' id='par_1_12' title="bbox 136 3513 1333 3616">
     <span class='ocr_line' id='line_1_31' title="bbox 136 3513 1333 3616; baseline -0.009 -11"><span class='ocrx_word' id='word_1_187' title='bbox 136 3513 406 3605; x_wconf 84' lang='lat' dir='ltr'><strong>sensilioribus</strong></span> <span class='ocrx_word' id='word_1_188' title='bbox 428 3527 668 3601; x_wconf 84' lang='lat' dir='ltr'><strong>individuis</strong></span> <span class='ocrx_word' id='word_1_189' title='bbox 710 3531 1000 3607; x_wconf 79' lang='lat' dir='ltr'><strong>advertendae,</strong></span> <span class='ocrx_word' id='word_1_190' title='bbox 1033 3531 1188 3616; x_wconf 76' lang='lat' dir='ltr'><strong>aperies.</strong></span> <span class='ocrx_word' id='word_1_191' title='bbox 1274 3559 1277 3566; x_wconf 59' lang='lat'><strong><em>¹</em></strong></span> <span class='ocrx_word' id='word_1_192' title='bbox 1330 3514 1333 3522; x_wconf 66' lang='grc'><strong>’</strong></span> 
     </span>
    </p>
   </div>
   <div class='ocr_carea' id='block_1_13' title="bbox 68 3623 1192 4354">
    <p class='ocr_par' dir='ltr' id='par_1_13' title="bbox 68 3623 1192 4354">
     <span class='ocr_line' id='line_1_32' title="bbox 68 3623 1188 3720; baseline -0.011 -10"><span class='ocrx_word' id='word_1_193' title='bbox 68 3677 71 3684; x_wconf 60' lang='grc'><strong>’</strong></span> <span class='ocrx_word' id='word_1_194' title='bbox 136 3643 258 3710; x_wconf 84' lang='lat' dir='ltr'><strong>Lento</strong></span> <span class='ocrx_word' id='word_1_195' title='bbox 278 3645 409 3702; x_wconf 80' lang='lat' dir='ltr'><strong>tameo</strong></span> <span class='ocrx_word' id='word_1_196' title='bbox 429 3641 469 3700; x_wconf 88' lang='lat' dir='ltr'><strong>et</strong></span> <span class='ocrx_word' id='word_1_197' title='bbox 489 3635 669 3704; x_wconf 86' lang='lat' dir='ltr'><strong>ordinato</strong></span> <span class='ocrx_word' id='word_1_198' title='bbox 687 3655 888 3720; x_wconf 85' lang='lat' dir='ltr'><strong>progressu</strong></span> <span class='ocrx_word' id='word_1_199' title='bbox 915 3635 1009 3700; x_wconf 86' lang='lat' dir='ltr'><strong>haec</strong></span> <span class='ocrx_word' id='word_1_200' title='bbox 1035 3623 1188 3720; x_wconf 84' lang='lat' dir='ltr'><strong>perlici</strong></span> 
     </span>
     <span class='ocr_line' id='line_1_33' title="bbox 138 3740 1188 3827; baseline -0.008 -16"><span class='ocrx_word' id='word_1_201' title='bbox 138 3754 205 3811; x_wconf 84' lang='lat' dir='ltr'><strong>tur</strong></span> <span class='ocrx_word' id='word_1_202' title='bbox 226 3741 419 3827; x_wconf 86' lang='lat' dir='ltr'><strong>operatio,</strong></span> <span class='ocrx_word' id='word_1_203' title='bbox 439 3740 555 3821; x_wconf 83' lang='lat' dir='ltr'><strong>adeo,</strong></span> <span class='ocrx_word' id='word_1_204' title='bbox 581 3745 625 3804; x_wconf 87' lang='lat' dir='ltr'><strong>ut</strong></span> <span class='ocrx_word' id='word_1_205' title='bbox 644 3741 957 3808; x_wconf 83' lang='lat' dir='ltr'><strong>coenasstheseos</strong></span> <span class='ocrx_word' id='word_1_206' title='bbox 977 3745 1044 3808; x_wconf 81' lang='lat' dir='ltr'><strong>vix</strong></span> <span class='ocrx_word' id='word_1_207' title='bbox 1065 3743 1188 3806; x_wconf 88' lang='lat' dir='ltr'><strong>mutet</strong></span> 
     </span>
     <span class='ocr_line' id='line_1_34' title="bbox 139 3815 1184 3932; baseline -0.009 -16"><span class='ocrx_word' id='word_1_208' title='bbox 139 3856 311 3924; x_wconf 85' lang='lat' dir='ltr'><strong>statum,</strong></span> <span class='ocrx_word' id='word_1_209' title='bbox 341 3846 496 3932; x_wconf 83' lang='lat' dir='ltr'><strong>ipseque</strong></span> <span class='ocrx_word' id='word_1_210' title='bbox 529 3842 684 3930; x_wconf 81' lang='lat' dir='ltr'><strong>sanguis</strong></span> <span class='ocrx_word' id='word_1_211' title='bbox 717 3866 802 3912; x_wconf 86' lang='lat' dir='ltr'><strong>eam</strong></span> <span class='ocrx_word' id='word_1_212' title='bbox 834 3815 1037 3913; x_wconf 74' lang='lat' dir='ltr'><strong>&#39;conservet</strong></span> <span class='ocrx_word' id='word_1_213' title='bbox 1071 3844 1184 3910; x_wconf 76' lang='lat' dir='ltr'><strong>indo-</strong></span> 
     </span>
     <span class='ocr_line' id='line_1_35' title="bbox 140 3947 1188 4037; baseline -0.007 -18"><span class='ocrx_word' id='word_1_214' title='bbox 140 3955 241 4026; x_wconf 89' lang='lat' dir='ltr'><strong>lem,</strong></span> <span class='ocrx_word' id='word_1_215' title='bbox 268 3971 344 4037; x_wconf 89' lang='lat' dir='ltr'><strong>qua</strong></span> <span class='ocrx_word' id='word_1_216' title='bbox 372 3949 579 4028; x_wconf 73' lang='lat' dir='ltr'><strong>materiam</strong></span> <span class='ocrx_word' id='word_1_217' title='bbox 611 3953 649 4014; x_wconf 83' lang='lat' dir='ltr'><strong>et</strong></span> <span class='ocrx_word' id='word_1_218' title='bbox 672 3949 776 4014; x_wconf 84' lang='lat' dir='ltr'><strong>vires</strong></span> <span class='ocrx_word' id='word_1_219' title='bbox 800 3949 983 4016; x_wconf 86' lang='lat' dir='ltr'><strong>animalis</strong></span> <span class='ocrx_word' id='word_1_220' title='bbox 1016 3947 1188 4030; x_wconf 79' lang='lat' dir='ltr'><strong>corporis</strong></span> 
     </span>
     <span class='ocr_line' id='line_1_36' title="bbox 140 4050 1187 4136; baseline -0.012 -12"><span class='ocrx_word' id='word_1_221' title='bbox 140 4062 358 4124; x_wconf 84' lang='lat' dir='ltr'><strong>restaurare</strong></span> <span class='ocrx_word' id='word_1_222' title='bbox 389 4050 517 4122; x_wconf 84' lang='lat' dir='ltr'><strong>debite</strong></span> <span class='ocrx_word' id='word_1_223' title='bbox 546 4053 677 4136; x_wconf 83' lang='lat' dir='ltr'><strong>possit.</strong></span> <span class='ocrx_word' id='word_1_224' title='bbox 711 4055 834 4120; x_wconf 85' lang='lat' dir='ltr'><strong>Aliter</strong></span> <span class='ocrx_word' id='word_1_225' title='bbox 854 4075 944 4118; x_wconf 89' lang='lat' dir='ltr'><strong>vero</strong></span> <span class='ocrx_word' id='word_1_226' title='bbox 974 4072 1030 4116; x_wconf 87' lang='lat' dir='ltr'><strong>res</strong></span> <span class='ocrx_word' id='word_1_227' title='bbox 1050 4072 1089 4114; x_wconf 89' lang='lat' dir='ltr'><strong>se</strong></span> <span class='ocrx_word' id='word_1_228' title='bbox 1116 4050 1187 4114; x_wconf 89' lang='lat' dir='ltr'><strong>ha</strong></span> 
     </span>
     <span class='ocr_line' id='line_1_37' title="bbox 142 4155 1184 4244; baseline -0.008 -16"><span class='ocrx_word' id='word_1_229' title='bbox 142 4165 229 4238; x_wconf 84' lang='lat' dir='ltr'><strong>het,</strong></span> <span class='ocrx_word' id='word_1_230' title='bbox 261 4161 331 4224; x_wconf 88' lang='lat' dir='ltr'><strong>uhi</strong></span> <span class='ocrx_word' id='word_1_231' title='bbox 358 4158 492 4244; x_wconf 87' lang='lat' dir='ltr'><strong>chylus</strong></span> <span class='ocrx_word' id='word_1_232' title='bbox 526 4161 564 4220; x_wconf 87' lang='lat' dir='ltr'><strong>et</strong></span> <span class='ocrx_word' id='word_1_233' title='bbox 595 4158 759 4244; x_wconf 80' lang='lat' dir='ltr'><strong>lympha</strong></span> <span class='ocrx_word' id='word_1_234' title='bbox 796 4158 921 4222; x_wconf 89' lang='lat' dir='ltr'><strong>nimia</strong></span> <span class='ocrx_word' id='word_1_235' title='bbox 958 4155 1184 4241; x_wconf 79' lang='lat' dir='ltr'><strong>quantitate</strong></span> 
     </span>
     <span class='ocr_line' id='line_1_38' title="bbox 141 4257 1192 4354; baseline -0.005 -23"><span class='ocrx_word' id='word_1_236' title='bbox 141 4271 212 4331; x_wconf 81' lang='lat' dir='ltr'><strong>aut</strong></span> <span class='ocrx_word' id='word_1_237' title='bbox 238 4263 428 4354; x_wconf 83' lang='lat' dir='ltr'><strong>qualitate</strong></span> <span class='ocrx_word' id='word_1_238' title='bbox 451 4259 660 4328; x_wconf 84' lang='lat' dir='ltr'><strong>admodum</strong></span> <span class='ocrx_word' id='word_1_239' title='bbox 686 4258 893 4326; x_wconf 79' lang='lat' dir='ltr'><strong>differente</strong></span> <span class='ocrx_word' id='word_1_240' title='bbox 921 4257 1192 4352; x_wconf 62' lang='lat' dir='ltr'><strong>peccaverint?</strong></span> 
     </span>
    </p>
   </div>
   <div class='ocr_carea' id='block_1_14' title="bbox 0 0 1477 5000">
    <p class='ocr_par' dir='ltr' id='par_1_14' title="bbox 0 0 1477 5000">
     <span class='ocr_line' id='line_1_39' title="bbox 0 0 1477 5000; baseline 0 0"><span class='ocrx_word' id='word_1_241' title='bbox 0 0 1477 5000; x_wconf 95' lang='lat' dir='ltr'><strong> </strong></span> 
     </span>
    </p>
   </div>
  </div>
 </body>
</html>
