<?xml version="1.0" encoding="UTF-8"?>
<!DOCTYPE html PUBLIC "-//W3C//DTD XHTML 1.0 Transitional//EN"
    "http://www.w3.org/TR/xhtml1/DTD/xhtml1-transitional.dtd">
<html xmlns="http://www.w3.org/1999/xhtml" xml:lang="en" lang="en">
 <head>
  <title>
</title>
<meta http-equiv="Content-Type" content="text/html;charset=utf-8" />
  <meta name='ocr-system' content='tesseract 3.04.00' />
  <meta name='ocr-capabilities' content='ocr_page ocr_carea ocr_par ocr_line ocrx_word'/>
</head>
<body>
  <div class='ocr_page' id='page_1' title='image "./physiologiamedi03lenhgoog_0428.png"; bbox 0 0 2898 4992; ppageno 0'>
   <div class='ocr_carea' id='block_1_1' title="bbox 346 371 1178 458">
    <p class='ocr_par' dir='ltr' id='par_1_1' title="bbox 346 371 1178 458">
     <span class='ocr_line' id='line_1_1' title="bbox 346 371 1178 458; baseline 0.008 -18"><span class='ocrx_word' id='word_1_1' title='bbox 346 371 452 440; x_wconf 78' lang='lat' dir='ltr'><strong>sacr.</strong></span> <span class='ocrx_word' id='word_1_2' title='bbox 470 371 516 440; x_wconf 87' lang='grc' dir='ltr'><strong>ΙΙ.</strong></span> <span class='ocrx_word' id='word_1_3' title='bbox 536 374 594 440; x_wconf 85' lang='lat' dir='ltr'><strong>Ds</strong></span> <span class='ocrx_word' id='word_1_4' title='bbox 616 385 727 440; x_wconf 80' lang='lat' dir='ltr'><strong>noro</strong></span> <span class='ocrx_word' id='word_1_5' title='bbox 751 385 978 446; x_wconf 75' lang='lat' dir='ltr'><strong>saneurrur·</strong></span> <span class='ocrx_word' id='word_1_6' title='bbox 1115 381 1178 458; x_wconf 73' lang='lat' dir='ltr'><strong>tt!</strong></span> 
     </span>
    </p>
   </div>
   <div class='ocr_carea' id='block_1_2' title="bbox 134 517 1245 1118">
    <p class='ocr_par' dir='ltr' id='par_1_2' title="bbox 134 517 1245 1118">
     <span class='ocr_line' id='line_1_2' title="bbox 138 517 1182 606; baseline -0.003 -18"><span class='ocrx_word' id='word_1_7' title='bbox 138 520 374 588; x_wconf 83' lang='lat' dir='ltr'><strong>musculares</strong></span> <span class='ocrx_word' id='word_1_8' title='bbox 401 521 496 586; x_wconf 91' lang='lat' dir='ltr'><strong>atrii</strong></span> <span class='ocrx_word' id='word_1_9' title='bbox 520 518 644 585; x_wconf 78' lang='lat' dir='ltr'>dextri</span> <span class='ocrx_word' id='word_1_10' title='bbox 661 517 781 584; x_wconf 89' lang='lat' dir='ltr'><strong>limbo</strong></span> <span class='ocrx_word' id='word_1_11' title='bbox 807 522 984 606; x_wconf 87' lang='lat' dir='ltr'><strong>elliptioo</strong></span> <span class='ocrx_word' id='word_1_12' title='bbox 1006 521 1097 587; x_wconf 85' lang='lat' dir='ltr'><strong>ostii</strong></span> <span class='ocrx_word' id='word_1_13' title='bbox 1116 543 1182 585; x_wconf 89' lang='lat' dir='ltr'><strong>ve·</strong></span> 
     </span>
     <span class='ocr_line' id='line_1_3' title="bbox 136 621 1245 708; baseline -0.005 -19"><span class='ocrx_word' id='word_1_14' title='bbox 136 624 242 698; x_wconf 86' lang='lat' dir='ltr'><strong>nesi,</strong></span> <span class='ocrx_word' id='word_1_15' title='bbox 267 630 452 708; x_wconf 87' lang='lat' dir='ltr'><strong>tanquam</strong></span> <span class='ocrx_word' id='word_1_16' title='bbox 473 628 615 706; x_wconf 77' lang='lat' dir='ltr'><strong>puncto</strong></span> <span class='ocrx_word' id='word_1_17' title='bbox 636 621 713 686; x_wconf 85' lang='lat' dir='ltr'><strong>fixo</strong></span> <span class='ocrx_word' id='word_1_18' title='bbox 736 621 995 702; x_wconf 76' lang='lat' dir='ltr'><strong>adhaereant,</strong></span> <span class='ocrx_word' id='word_1_19' title='bbox 1013 625 1184 708; x_wconf 88' lang='lat' dir='ltr'><strong>adeoque</strong></span> <span class='ocrx_word' id='word_1_20' title='bbox 1243 672 1245 684; x_wconf 91' lang='lat'><em>.</em></span> 
     </span>
     <span class='ocr_line' id='line_1_4' title="bbox 136 723 1185 806; baseline 0.002 -20"><span class='ocrx_word' id='word_1_21' title='bbox 136 723 303 806; x_wconf 84' lang='lat' dir='ltr'><strong>parietes</strong></span> <span class='ocrx_word' id='word_1_22' title='bbox 325 725 431 788; x_wconf 85' lang='lat' dir='ltr'><strong>sinus</strong></span> <span class='ocrx_word' id='word_1_23' title='bbox 463 724 584 806; x_wconf 87' lang='lat' dir='ltr'><strong>ipsius</strong></span> <span class='ocrx_word' id='word_1_24' title='bbox 618 723 882 806; x_wconf 75' lang='lat' dir='ltr'><strong>contractione</strong></span> <span class='ocrx_word' id='word_1_25' title='bbox 905 745 972 788; x_wconf 87' lang='lat' dir='ltr'><strong>sua</strong></span> <span class='ocrx_word' id='word_1_26' title='bbox 994 746 1125 790; x_wconf 86' lang='lat' dir='ltr'><strong>versus</strong></span> <span class='ocrx_word' id='word_1_27' title='bbox 1146 723 1185 790; x_wconf 92' lang='lat' dir='ltr'><strong>id</strong></span> 
     </span>
     <span class='ocr_line' id='line_1_5' title="bbox 136 825 1187 892; baseline 0 -2"><span class='ocrx_word' id='word_1_28' title='bbox 136 825 282 892; x_wconf 87' lang='lat' dir='ltr'><strong>ostium</strong></span> <span class='ocrx_word' id='word_1_29' title='bbox 309 826 526 890; x_wconf 88' lang='lat' dir='ltr'><strong>detrahant.</strong></span> <span class='ocrx_word' id='word_1_30' title='bbox 549 826 728 892; x_wconf 87' lang='lat' dir='ltr'><strong>Promoto</strong></span> <span class='ocrx_word' id='word_1_31' title='bbox 752 827 794 890; x_wconf 90' lang='lat' dir='ltr'><strong>in</strong></span> <span class='ocrx_word' id='word_1_32' title='bbox 816 828 1078 892; x_wconf 87' lang='lat' dir='ltr'><strong>ventriculum</strong></span> <span class='ocrx_word' id='word_1_33' title='bbox 1095 842 1187 892; x_wconf 79' lang='lat' dir='ltr'><strong>san-</strong></span> 
     </span>
     <span class='ocr_line' id='line_1_6' title="bbox 135 931 1187 1016; baseline 0.002 -22"><span class='ocrx_word' id='word_1_34' title='bbox 135 932 275 1014; x_wconf 78' lang='lat' dir='ltr'><strong>guine,</strong></span> <span class='ocrx_word' id='word_1_35' title='bbox 291 932 395 996; x_wconf 87' lang='lat' dir='ltr'><strong>sinus</strong></span> <span class='ocrx_word' id='word_1_36' title='bbox 416 938 602 998; x_wconf 86' lang='lat' dir='ltr'><strong>vacuatur</strong></span> <span class='ocrx_word' id='word_1_37' title='bbox 622 937 660 996; x_wconf 91' lang='lat' dir='ltr'><strong>et</strong></span> <span class='ocrx_word' id='word_1_38' title='bbox 684 931 879 996; x_wconf 86' lang='lat' dir='ltr'><strong>relaxatur</strong></span> <span class='ocrx_word' id='word_1_39' title='bbox 900 932 1017 996; x_wconf 84' lang='lat' dir='ltr'><strong>simul</strong></span> <span class='ocrx_word' id='word_1_40' title='bbox 1028 975 1041 1012; x_wconf 94' lang='lat'><strong>,</strong></span> <span class='ocrx_word' id='word_1_41' title='bbox 1055 931 1187 1016; x_wconf 88' lang='lat' dir='ltr'><strong>aliqua</strong></span> 
     </span>
     <span class='ocr_line' id='line_1_7' title="bbox 134 1035 972 1118; baseline -0.002 -20"><span class='ocrx_word' id='word_1_42' title='bbox 134 1036 268 1098; x_wconf 86' lang='lat' dir='ltr'><strong>tamen</strong></span> <span class='ocrx_word' id='word_1_43' title='bbox 285 1035 460 1100; x_wconf 82' lang='lat' dir='ltr'><strong>humoris</strong></span> <span class='ocrx_word' id='word_1_44' title='bbox 478 1040 588 1118; x_wconf 88' lang='lat' dir='ltr'><strong>parte</strong></span> <span class='ocrx_word' id='word_1_45' title='bbox 610 1035 652 1102; x_wconf 85' lang='lat' dir='ltr'><strong>in</strong></span> <span class='ocrx_word' id='word_1_46' title='bbox 670 1055 712 1098; x_wconf 88' lang='lat' dir='ltr'><strong>eo</strong></span> <span class='ocrx_word' id='word_1_47' title='bbox 734 1041 972 1102; x_wconf 86' lang='lat' dir='ltr'><strong>remanente.</strong></span> 
     </span>
    </p>
   </div>
   <div class='ocr_carea' id='block_1_3' title="bbox 134 1177 1187 1896">
    <p class='ocr_par' dir='ltr' id='par_1_3' title="bbox 134 1177 1187 1896">
     <span class='ocr_line' id='line_1_8' title="bbox 221 1177 1178 1278; baseline 0.001 -20"><span class='ocrx_word' id='word_1_48' title='bbox 221 1195 446 1258; x_wconf 74' lang='lat' dir='ltr'><strong>cumulatur</strong></span> <span class='ocrx_word' id='word_1_49' title='bbox 475 1193 690 1258; x_wconf 89' lang='lat' dir='ltr'><strong>ventriculo</strong></span> <span class='ocrx_word' id='word_1_50' title='bbox 725 1193 885 1274; x_wconf 85' lang='lat' dir='ltr'><strong>injectus</strong></span> <span class='ocrx_word' id='word_1_51' title='bbox 925 1177 1080 1278; x_wconf 84' lang='lat' dir='ltr'><strong>sanguis</strong></span> <span class='ocrx_word' id='word_1_52' title='bbox 1111 1211 1178 1278; x_wconf 88' lang='lat' dir='ltr'><strong>per</strong></span> 
     </span>
     <span class='ocr_line' id='line_1_9' title="bbox 134 1295 1182 1382; baseline 0.002 -22"><span class='ocrx_word' id='word_1_53' title='bbox 134 1301 375 1360; x_wconf 83' lang='lat' dir='ltr'><strong>momentum</strong></span> <span class='ocrx_word' id='word_1_54' title='bbox 389 1337 398 1370; x_wconf 88' lang='lat'><strong>,</strong></span> <span class='ocrx_word' id='word_1_55' title='bbox 412 1295 560 1360; x_wconf 88' lang='lat' dir='ltr'><strong>lacinia</strong></span> <span class='ocrx_word' id='word_1_56' title='bbox 582 1295 779 1378; x_wconf 84' lang='lat' dir='ltr'><strong>superiore</strong></span> <span class='ocrx_word' id='word_1_57' title='bbox 801 1295 979 1360; x_wconf 88' lang='lat' dir='ltr'><strong>valvulae</strong></span> <span class='ocrx_word' id='word_1_58' title='bbox 998 1297 1182 1382; x_wconf 72' lang='lat' dir='ltr'><strong>tricuspi«</strong></span> 
     </span>
     <span class='ocr_line' id='line_1_10' title="bbox 139 1397 1182 1482; baseline 0.005 -20"><span class='ocrx_word' id='word_1_59' title='bbox 139 1397 239 1462; x_wconf 88' lang='lat' dir='ltr'><strong>dalis</strong></span> <span class='ocrx_word' id='word_1_60' title='bbox 268 1398 369 1462; x_wconf 82' lang='lat' dir='ltr'><strong>dicto</strong></span> <span class='ocrx_word' id='word_1_61' title='bbox 403 1397 515 1480; x_wconf 78' lang='lat' dir='ltr'><strong>modo</strong></span> <span class='ocrx_word' id='word_1_62' title='bbox 542 1397 560 1478; x_wconf 89' lang='lat'>(</span> <span class='ocrx_word' id='word_1_63' title='bbox 572 1405 600 1474; x_wconf 84' lang='lat'><strong>§.</strong></span> <span class='ocrx_word' id='word_1_64' title='bbox 620 1409 694 1478; x_wconf 80' lang='lat'><em>387.</em></span> <span class='ocrx_word' id='word_1_65' title='bbox 714 1399 791 1482; x_wconf 90' lang='lat'>11.)</span> <span class='ocrx_word' id='word_1_66' title='bbox 810 1406 1052 1482; x_wconf 78' lang='lat' dir='ltr'><strong>cooperante.</strong></span> <span class='ocrx_word' id='word_1_67' title='bbox 1086 1403 1182 1468; x_wconf 90' lang='lat' dir='ltr'><strong>Ten·</strong></span> 
     </span>
     <span class='ocr_line' id='line_1_11' title="bbox 138 1501 1183 1586; baseline 0.003 -19"><span class='ocrx_word' id='word_1_68' title='bbox 138 1523 203 1567; x_wconf 85' lang='lat' dir='ltr'><strong>aas</strong></span> <span class='ocrx_word' id='word_1_69' title='bbox 226 1506 262 1564; x_wconf 90' lang='lat' dir='ltr'><strong>et</strong></span> <span class='ocrx_word' id='word_1_70' title='bbox 287 1501 465 1564; x_wconf 87' lang='lat' dir='ltr'><strong>irritatae</strong></span> <span class='ocrx_word' id='word_1_71' title='bbox 486 1523 507 1564; x_wconf 94' lang='lat' dir='ltr'><strong>a</strong></span> <span class='ocrx_word' id='word_1_72' title='bbox 530 1502 730 1586; x_wconf 85' lang='lat' dir='ltr'><strong>sanguinis</strong></span> <span class='ocrx_word' id='word_1_73' title='bbox 761 1501 918 1571; x_wconf 87' lang='lat' dir='ltr'><strong>stimulo</strong></span> <span class='ocrx_word' id='word_1_74' title='bbox 948 1506 1183 1570; x_wconf 87' lang='lat' dir='ltr'><strong>musculares</strong></span> 
     </span>
     <span class='ocr_line' id='line_1_12' title="bbox 139 1602 1187 1692; baseline 0.003 -22"><span class='ocrx_word' id='word_1_75' title='bbox 139 1603 286 1676; x_wconf 84' lang='lat' dir='ltr'><strong>fibrae,</strong></span> <span class='ocrx_word' id='word_1_76' title='bbox 307 1602 352 1664; x_wconf 89' lang='lat' dir='ltr'><strong>ad</strong></span> <span class='ocrx_word' id='word_1_77' title='bbox 376 1603 678 1668; x_wconf 89' lang='lat' dir='ltr'><strong>contractionem</strong></span> <span class='ocrx_word' id='word_1_78' title='bbox 701 1605 871 1684; x_wconf 77' lang='lat' dir='ltr'><strong>cientur,</strong></span> <span class='ocrx_word' id='word_1_79' title='bbox 893 1625 966 1692; x_wconf 92' lang='lat' dir='ltr'><strong>quo</strong></span> <span class='ocrx_word' id='word_1_80' title='bbox 993 1609 1187 1672; x_wconf 74' lang='lat' dir='ltr'><strong>vtentricu·</strong></span> 
     </span>
     <span class='ocr_line' id='line_1_13' title="bbox 140 1689 1187 1792; baseline 0.004 -20"><span class='ocrx_word' id='word_1_81' title='bbox 140 1710 201 1772; x_wconf 86' lang='lat' dir='ltr'><strong>lus</strong></span> <span class='ocrx_word' id='word_1_82' title='bbox 224 1707 472 1791; x_wconf 84' lang='lat' dir='ltr'><strong>undiquaque</strong></span> <span class='ocrx_word' id='word_1_83' title='bbox 492 1708 722 1790; x_wconf 81' lang='lat' dir='ltr'><strong>stringitur,</strong></span> <span class='ocrx_word' id='word_1_84' title='bbox 743 1689 953 1792; x_wconf 76' lang='lat' dir='ltr'><strong>ot&#39;sanguis</strong></span> <span class='ocrx_word' id='word_1_85' title='bbox 965 1751 975 1785; x_wconf 91' lang='lat'><strong>,</strong></span> <span class='ocrx_word' id='word_1_86' title='bbox 988 1711 1030 1774; x_wconf 89' lang='lat' dir='ltr'><strong>in</strong></span> <span class='ocrx_word' id='word_1_87' title='bbox 1058 1695 1187 1776; x_wconf 86' lang='lat' dir='ltr'><strong>minus</strong></span> 
     </span>
     <span class='ocr_line' id='line_1_14' title="bbox 138 1807 1187 1896; baseline 0.002 -20"><span class='ocrx_word' id='word_1_88' title='bbox 138 1809 309 1894; x_wconf 81' lang='lat' dir='ltr'><strong>spacium</strong></span> <span class='ocrx_word' id='word_1_89' title='bbox 333 1807 538 1884; x_wconf 82' lang='lat' dir='ltr'><strong>coiircitus,</strong></span> <span class='ocrx_word' id='word_1_90' title='bbox 557 1809 695 1894; x_wconf 80' lang='lat' dir='ltr'><strong>suique</strong></span> <span class='ocrx_word' id='word_1_91' title='bbox 716 1809 864 1876; x_wconf 85' lang='lat' dir='ltr'><strong>exitum</strong></span> <span class='ocrx_word' id='word_1_92' title='bbox 882 1829 1087 1896; x_wconf 85' lang='lat' dir='ltr'><strong>quaerens,</strong></span> <span class='ocrx_word' id='word_1_93' title='bbox 1103 1835 1187 1878; x_wconf 88' lang='lat' dir='ltr'><strong>ver·</strong></span> 
     </span>
    </p>
   </div>
   <div class='ocr_carea' id='block_1_4' title="bbox 137 1913 1302 1996">
    <p class='ocr_par' dir='ltr' id='par_1_4' title="bbox 137 1913 1302 1996">
     <span class='ocr_line' id='line_1_15' title="bbox 137 1913 1302 1996; baseline 0.007 -20"><span class='ocrx_word' id='word_1_94' title='bbox 137 1931 201 1976; x_wconf 77' lang='lat' dir='ltr'><strong>aus</strong></span> <span class='ocrx_word' id='word_1_95' title='bbox 224 1931 408 1976; x_wconf 81' lang='lat' dir='ltr'><strong>vanorum</strong></span> <span class='ocrx_word' id='word_1_96' title='bbox 445 1917 483 1974; x_wconf 88' lang='lat' dir='ltr'><strong>et</strong></span> <span class='ocrx_word' id='word_1_97' title='bbox 505 1913 733 1976; x_wconf 86' lang='lat' dir='ltr'><strong>arteriosum</strong></span> <span class='ocrx_word' id='word_1_98' title='bbox 758 1917 914 1996; x_wconf 86' lang='lat' dir='ltr'><strong>urgetur</strong></span> <span class='ocrx_word' id='word_1_99' title='bbox 944 1916 1101 1980; x_wconf 85' lang='lat' dir='ltr'><strong>ostium.</strong></span> <span class='ocrx_word' id='word_1_100' title='bbox 1132 1918 1185 1979; x_wconf 90' lang='lat' dir='ltr'><strong>Ea</strong></span> <span class='ocrx_word' id='word_1_101' title='bbox 1298 1975 1302 1984; x_wconf 93' lang='lat'>.</span> 
     </span>
    </p>
   </div>
   <div class='ocr_carea' id='block_1_5' title="bbox 138 2015 1189 2409">
    <p class='ocr_par' dir='ltr' id='par_1_5' title="bbox 138 2015 1189 2409">
     <span class='ocr_line' id='line_1_16' title="bbox 139 2015 1188 2100; baseline 0.001 -18"><span class='ocrx_word' id='word_1_102' title='bbox 139 2021 270 2082; x_wconf 85' lang='lat' dir='ltr'><strong>autem</strong></span> <span class='ocrx_word' id='word_1_103' title='bbox 291 2015 489 2094; x_wconf 78' lang='lat' dir='ltr'><strong>sanguinis</strong></span> <span class='ocrx_word' id='word_1_104' title='bbox 510 2017 709 2094; x_wconf 89' lang='lat' dir='ltr'><strong>columna,</strong></span> <span class='ocrx_word' id='word_1_105' title='bbox 733 2033 829 2100; x_wconf 87' lang='lat' dir='ltr'><strong>quae</strong></span> <span class='ocrx_word' id='word_1_106' title='bbox 853 2017 900 2080; x_wconf 86' lang='lat' dir='ltr'><strong>ad</strong></span> <span class='ocrx_word' id='word_1_107' title='bbox 918 2037 1103 2082; x_wconf 87' lang='lat' dir='ltr'><strong>venesum</strong></span> <span class='ocrx_word' id='word_1_108' title='bbox 1128 2039 1188 2082; x_wconf 81' lang='lat' dir='ltr'><strong>re·</strong></span> 
     </span>
     <span class='ocr_line' id='line_1_17' title="bbox 143 2119 1189 2203; baseline 0.007 -19"><span class='ocrx_word' id='word_1_109' title='bbox 143 2119 300 2184; x_wconf 85' lang='lat' dir='ltr'><strong>ducitur</strong></span> <span class='ocrx_word' id='word_1_110' title='bbox 335 2120 501 2196; x_wconf 85' lang='lat' dir='ltr'><strong>ostium,</strong></span> <span class='ocrx_word' id='word_1_111' title='bbox 530 2120 708 2182; x_wconf 84' lang='lat' dir='ltr'><strong>valvulae</strong></span> <span class='ocrx_word' id='word_1_112' title='bbox 735 2120 1189 2203; x_wconf 74' lang='lat' dir='ltr'><strong>tricuspidalislaciniaa</strong></span> 
     </span>
     <span class='ocr_line' id='line_1_18' title="bbox 139 2220 1188 2302; baseline 0 -14"><span class='ocrx_word' id='word_1_113' title='bbox 139 2244 269 2290; x_wconf 79' lang='lat' dir='ltr'><strong>secum</strong></span> <span class='ocrx_word' id='word_1_114' title='bbox 294 2222 417 2302; x_wconf 68' lang='lat' dir='ltr'><strong>rapiti</strong></span> <span class='ocrx_word' id='word_1_115' title='bbox 436 2221 539 2284; x_wconf 88' lang='lat' dir='ltr'><strong>redit</strong></span> <span class='ocrx_word' id='word_1_116' title='bbox 559 2221 601 2284; x_wconf 91' lang='lat' dir='ltr'><strong>in</strong></span> <span class='ocrx_word' id='word_1_117' title='bbox 622 2220 765 2285; x_wconf 84' lang='lat' dir='ltr'><strong>atrium</strong></span> <span class='ocrx_word' id='word_1_118' title='bbox 784 2220 985 2300; x_wconf 83' lang='lat' dir='ltr'><strong>dextrum,</strong></span> <span class='ocrx_word' id='word_1_119' title='bbox 1009 2224 1080 2288; x_wconf 85' lang='lat' dir='ltr'><strong>hoe</strong></span> <span class='ocrx_word' id='word_1_120' title='bbox 1106 2245 1188 2288; x_wconf 87' lang='lat' dir='ltr'><strong>rno-</strong></span> 
     </span>
     <span class='ocr_line' id='line_1_19' title="bbox 138 2305 1189 2409; baseline 0 -17"><span class='ocrx_word' id='word_1_121' title='bbox 138 2330 271 2392; x_wconf 87' lang='lat' dir='ltr'><strong>mento</strong></span> <span class='ocrx_word' id='word_1_122' title='bbox 295 2323 527 2399; x_wconf 86' lang='lat' dir='ltr'><strong>dilatatum,</strong></span> <span class='ocrx_word' id='word_1_123' title='bbox 550 2341 594 2388; x_wconf 87' lang='lat' dir='ltr'><strong>ea</strong></span> <span class='ocrx_word' id='word_1_124' title='bbox 622 2305 797 2388; x_wconf 71' lang='lat' dir='ltr'><strong>humoris</strong></span> <span class='ocrx_word' id='word_1_125' title='bbox 821 2345 932 2407; x_wconf 86' lang='lat' dir='ltr'><strong>pars,</strong></span> <span class='ocrx_word' id='word_1_126' title='bbox 955 2343 1054 2409; x_wconf 87' lang='lat' dir='ltr'><strong>quae</strong></span> <span class='ocrx_word' id='word_1_127' title='bbox 1084 2325 1189 2392; x_wconf 83' lang='lat' dir='ltr'><strong>intra</strong></span> 
     </span>
    </p>
   </div>
   <div class='ocr_carea' id='block_1_6' title="bbox 32 2425 1189 2511">
    <p class='ocr_par' dir='ltr' id='par_1_6' title="bbox 32 2425 1189 2511">
     <span class='ocr_line' id='line_1_20' title="bbox 32 2425 1189 2511; baseline -0.004 -14"><span class='ocrx_word' id='word_1_128' title='bbox 32 2449 36 2456; x_wconf 85' lang='lat'>·</span> <span class='ocrx_word' id='word_1_129' title='bbox 140 2425 320 2495; x_wconf 67' lang='lat' dir='ltr'><strong>&#39;valvulae</strong></span> <span class='ocrx_word' id='word_1_130' title='bbox 343 2427 505 2492; x_wconf 84' lang='lat' dir='ltr'><strong>lacinias</strong></span> <span class='ocrx_word' id='word_1_131' title='bbox 538 2426 692 2502; x_wconf 83' lang='lat' dir='ltr'><strong>existit;</strong></span> <span class='ocrx_word' id='word_1_132' title='bbox 712 2427 843 2510; x_wconf 89' lang='lat' dir='ltr'><strong>potior</strong></span> <span class='ocrx_word' id='word_1_133' title='bbox 871 2433 1001 2492; x_wconf 88' lang='lat' dir='ltr'><strong>tamen</strong></span> <span class='ocrx_word' id='word_1_134' title='bbox 1025 2429 1103 2511; x_wconf 80' lang='lat' dir='ltr'><strong>ejus</strong></span> <span class='ocrx_word' id='word_1_135' title='bbox 1135 2430 1189 2494; x_wconf 80' lang='lat' dir='ltr'><strong>la-</strong></span> 
     </span>
    </p>
   </div>
   <div class='ocr_carea' id='block_1_7' title="bbox 142 2525 1191 2616">
    <p class='ocr_par' dir='ltr' id='par_1_7' title="bbox 142 2525 1191 2616">
     <span class='ocr_line' id='line_1_21' title="bbox 142 2525 1191 2616; baseline -0.002 -18"><span class='ocrx_word' id='word_1_136' title='bbox 142 2535 234 2598; x_wconf 87' lang='lat' dir='ltr'><strong>ticis</strong></span> <span class='ocrx_word' id='word_1_137' title='bbox 265 2532 371 2616; x_wconf 87' lang='lat' dir='ltr'><strong>copia</strong></span> <span class='ocrx_word' id='word_1_138' title='bbox 404 2532 503 2596; x_wconf 87' lang='lat' dir='ltr'><strong>hanc</strong></span> <span class='ocrx_word' id='word_1_139' title='bbox 530 2531 606 2594; x_wconf 86' lang='lat' dir='ltr'><strong>sibi</strong></span> <span class='ocrx_word' id='word_1_140' title='bbox 638 2532 716 2615; x_wconf 86' lang='lat' dir='ltr'><strong>ipsi</strong></span> <span class='ocrx_word' id='word_1_141' title='bbox 743 2533 958 2615; x_wconf 86' lang='lat' dir='ltr'><strong>praecludit</strong></span> <span class='ocrx_word' id='word_1_142' title='bbox 987 2525 1114 2609; x_wconf 75' lang='lat' dir='ltr'><strong>viarii,</strong></span> <span class='ocrx_word' id='word_1_143' title='bbox 1141 2535 1191 2597; x_wconf 82' lang='lat' dir='ltr'><strong>si·</strong></span> 
     </span>
    </p>
   </div>
   <div class='ocr_carea' id='block_1_8' title="bbox 107 2625 1305 3134">
    <p class='ocr_par' dir='ltr' id='par_1_8' title="bbox 107 2625 1305 3134">
     <span class='ocr_line' id='line_1_22' title="bbox 142 2625 1187 2722; baseline 0.002 -24"><span class='ocrx_word' id='word_1_144' title='bbox 142 2635 297 2722; x_wconf 87' lang='lat' dir='ltr'><strong>quidem</strong></span> <span class='ocrx_word' id='word_1_145' title='bbox 329 2633 490 2698; x_wconf 89' lang='lat' dir='ltr'><strong>lacinias</strong></span> <span class='ocrx_word' id='word_1_146' title='bbox 521 2633 643 2698; x_wconf 88' lang='lat' dir='ltr'><strong>dictas</strong></span> <span class='ocrx_word' id='word_1_147' title='bbox 673 2632 864 2710; x_wconf 78' lang='lat' dir='ltr'><strong>adtollat,</strong></span> <span class='ocrx_word' id='word_1_148' title='bbox 891 2653 1092 2720; x_wconf 80' lang='lat' dir='ltr'><strong>congressu</strong></span> <span class='ocrx_word' id='word_1_149' title='bbox 1119 2625 1187 2700; x_wconf 81' lang='lat' dir='ltr'><strong>suo</strong></span> 
     </span>
     <span class='ocr_line' id='line_1_23' title="bbox 140 2733 1190 2816; baseline 0 -16"><span class='ocrx_word' id='word_1_150' title='bbox 140 2737 283 2802; x_wconf 82' lang='lat' dir='ltr'><strong>ostium</strong></span> <span class='ocrx_word' id='word_1_151' title='bbox 306 2753 492 2800; x_wconf 87' lang='lat' dir='ltr'><strong>venosum</strong></span> <span class='ocrx_word' id='word_1_152' title='bbox 514 2733 682 2816; x_wconf 77' lang='lat' dir='ltr'><strong>perfecte</strong></span> <span class='ocrx_word' id='word_1_153' title='bbox 714 2735 955 2814; x_wconf 78' lang='lat' dir='ltr'><strong>claudentes3</strong></span> <span class='ocrx_word' id='word_1_154' title='bbox 974 2737 1096 2800; x_wconf 88' lang='lat' dir='ltr'><strong>fibrae</strong></span> <span class='ocrx_word' id='word_1_155' title='bbox 1127 2757 1190 2800; x_wconf 87' lang='lat' dir='ltr'><strong>ve-</strong></span> 
     </span>
     <span class='ocr_line' id='line_1_24' title="bbox 141 2837 1190 2920; baseline -0.003 -18"><span class='ocrx_word' id='word_1_156' title='bbox 141 2859 184 2910; x_wconf 80' lang='lat' dir='ltr'><strong>ro</strong></span> <span class='ocrx_word' id='word_1_157' title='bbox 200 2837 405 2902; x_wconf 79' lang='lat' dir='ltr'><strong>tendineae</strong></span> <span class='ocrx_word' id='word_1_158' title='bbox 432 2843 469 2902; x_wconf 91' lang='lat' dir='ltr'><strong>et</strong></span> <span class='ocrx_word' id='word_1_159' title='bbox 490 2856 568 2904; x_wconf 81' lang='lat' dir='ltr'><strong>sese</strong></span> <span class='ocrx_word' id='word_1_160' title='bbox 588 2838 859 2903; x_wconf 80' lang='lat' dir='ltr'><strong>contrahentes</strong></span> <span class='ocrx_word' id='word_1_161' title='bbox 879 2841 1045 2902; x_wconf 84' lang='lat' dir='ltr'><strong>musculi</strong></span> <span class='ocrx_word' id='word_1_162' title='bbox 1066 2837 1190 2920; x_wconf 84' lang='lat' dir='ltr'><strong>papil-</strong></span> 
     </span>
     <span class='ocr_line' id='line_1_25' title="bbox 107 2939 1305 3024; baseline -0.003 -16"><span class='ocrx_word' id='word_1_163' title='bbox 107 3007 113 3020; x_wconf 80' lang='grc'><em>,</em></span> <span class='ocrx_word' id='word_1_164' title='bbox 144 2943 244 3008; x_wconf 85' lang='lat' dir='ltr'><strong>lares</strong></span> <span class='ocrx_word' id='word_1_165' title='bbox 277 2941 519 3024; x_wconf 80' lang='lat' dir='ltr'><strong>impediunt,</strong></span> <span class='ocrx_word' id='word_1_166' title='bbox 549 2961 596 3006; x_wconf 87' lang='lat' dir='ltr'><strong>ne</strong></span> <span class='ocrx_word' id='word_1_167' title='bbox 627 2939 792 3007; x_wconf 86' lang='lat' dir='ltr'><strong>laciniae</strong></span> <span class='ocrx_word' id='word_1_168' title='bbox 822 2945 926 3008; x_wconf 85' lang='lat' dir='ltr'><strong>ultra</strong></span> <span class='ocrx_word' id='word_1_169' title='bbox 948 2942 1189 3008; x_wconf 81' lang='lat' dir='ltr'><strong>horizontem</strong></span> <span class='ocrx_word' id='word_1_170' title='bbox 1302 3013 1305 3022; x_wconf 43' lang='grc'><strong>,</strong></span> 
     </span>
     <span class='ocr_line' id='line_1_26' title="bbox 144 3037 998 3134; baseline -0.001 -24"><span class='ocrx_word' id='word_1_171' title='bbox 144 3041 430 3134; x_wconf 74' lang='lat' dir='ltr'><strong>propellantur,</strong></span> <span class='ocrx_word' id='word_1_172' title='bbox 453 3041 567 3130; x_wconf 89' lang='lat' dir='ltr'><strong>inque</strong></span> <span class='ocrx_word' id='word_1_173' title='bbox 588 3037 715 3107; x_wconf 87' lang='lat' dir='ltr'><strong>sinum</strong></span> <span class='ocrx_word' id='word_1_174' title='bbox 736 3045 998 3114; x_wconf 81' lang='lat' dir='ltr'><strong>revolvantur.</strong></span> 
     </span>
    </p>
   </div>
   <div class='ocr_carea' id='block_1_9' title="bbox 143 3191 1194 4334">
    <p class='ocr_par' dir='ltr' id='par_1_9' title="bbox 143 3191 1194 4334">
     <span class='ocr_line' id='line_1_27' title="bbox 229 3191 1189 3288; baseline 0 -20"><span class='ocrx_word' id='word_1_175' title='bbox 229 3203 394 3268; x_wconf 85' lang='lat' dir='ltr'><strong>Remota</strong></span> <span class='ocrx_word' id='word_1_176' title='bbox 416 3201 536 3286; x_wconf 83' lang='lat' dir='ltr'><strong>igitur</strong></span> <span class='ocrx_word' id='word_1_177' title='bbox 559 3201 731 3266; x_wconf 81' lang='lat' dir='ltr'><strong>maxime</strong></span> <span class='ocrx_word' id='word_1_178' title='bbox 753 3201 933 3267; x_wconf 88' lang='lat' dir='ltr'><strong>valvulae</strong></span> <span class='ocrx_word' id='word_1_179' title='bbox 958 3191 1189 3288; x_wconf 73' lang='lat' dir='ltr'><strong>tricuspide·</strong></span> 
     </span>
     <span class='ocr_line' id='line_1_28' title="bbox 146 3302 1191 3386; baseline -0.004 -14"><span class='ocrx_word' id='word_1_180' title='bbox 146 3305 196 3372; x_wconf 88' lang='lat' dir='ltr'><strong>lis</strong></span> <span class='ocrx_word' id='word_1_181' title='bbox 218 3307 363 3372; x_wconf 87' lang='lat' dir='ltr'><strong>lacinia</strong></span> <span class='ocrx_word' id='word_1_182' title='bbox 387 3305 433 3368; x_wconf 87' lang='lat' dir='ltr'><strong>ab</strong></span> <span class='ocrx_word' id='word_1_183' title='bbox 456 3305 555 3368; x_wconf 91' lang='lat' dir='ltr'><strong>ostio</strong></span> <span class='ocrx_word' id='word_1_184' title='bbox 579 3303 791 3383; x_wconf 88' lang='lat' dir='ltr'><strong>arterioso,</strong></span> <span class='ocrx_word' id='word_1_185' title='bbox 814 3302 968 3386; x_wconf 83' lang='lat' dir='ltr'><strong>sanguis</strong></span> <span class='ocrx_word' id='word_1_186' title='bbox 999 3324 1084 3368; x_wconf 89' lang='lat' dir='ltr'><strong>cum</strong></span> <span class='ocrx_word' id='word_1_187' title='bbox 1116 3307 1191 3372; x_wconf 66' lang='lat' dir='ltr'><strong>im·</strong></span> 
     </span>
     <span class='ocr_line' id='line_1_29' title="bbox 143 3393 1189 3496; baseline -0.002 -24"><span class='ocrx_word' id='word_1_188' title='bbox 143 3393 235 3494; x_wconf 83' lang='lat' dir='ltr'><strong>patu</strong></span> <span class='ocrx_word' id='word_1_189' title='bbox 256 3411 296 3474; x_wconf 93' lang='lat' dir='ltr'><strong>in</strong></span> <span class='ocrx_word' id='word_1_190' title='bbox 319 3407 504 3473; x_wconf 88' lang='lat' dir='ltr'><strong>arteriam</strong></span> <span class='ocrx_word' id='word_1_191' title='bbox 523 3407 786 3490; x_wconf 88' lang='lat' dir='ltr'><strong>pulmonalem</strong></span> <span class='ocrx_word' id='word_1_192' title='bbox 808 3405 1036 3490; x_wconf 81' lang='lat' dir='ltr'><strong>projicitur,</strong></span> <span class='ocrx_word' id='word_1_193' title='bbox 1067 3407 1189 3496; x_wconf 84' lang='lat' dir='ltr'><strong>siqui·</strong></span> 
     </span>
     <span class='ocr_line' id='line_1_30' title="bbox 148 3497 1192 3598; baseline -0.005 -20"><span class='ocrx_word' id='word_1_194' title='bbox 148 3497 440 3580; x_wconf 80' lang='lat' dir='ltr'><strong>demfibrarum</strong></span> <span class='ocrx_word' id='word_1_195' title='bbox 461 3509 736 3576; x_wconf 86' lang='lat' dir='ltr'><strong>muscularium</strong></span> <span class='ocrx_word' id='word_1_196' title='bbox 759 3510 968 3574; x_wconf 85' lang='lat' dir='ltr'><strong>ventriculi</strong></span> <span class='ocrx_word' id='word_1_197' title='bbox 987 3513 1192 3598; x_wconf 65' lang='lat' dir='ltr'><strong>pulmona«</strong></span> 
     </span>
     <span class='ocr_line' id='line_1_31' title="bbox 147 3614 1189 3702; baseline 0.001 -21"><span class='ocrx_word' id='word_1_198' title='bbox 147 3617 197 3682; x_wconf 86' lang='lat' dir='ltr'><strong>lis</strong></span> <span class='ocrx_word' id='word_1_199' title='bbox 218 3617 421 3702; x_wconf 79' lang='lat' dir='ltr'><strong>dispositio</strong></span> <span class='ocrx_word' id='word_1_200' title='bbox 443 3615 610 3694; x_wconf 85' lang='lat' dir='ltr'><strong>efficiat,</strong></span> <span class='ocrx_word' id='word_1_201' title='bbox 632 3619 676 3678; x_wconf 91' lang='lat' dir='ltr'><strong>ut</strong></span> <span class='ocrx_word' id='word_1_202' title='bbox 697 3634 841 3680; x_wconf 85' lang='lat' dir='ltr'><strong>venosa</strong></span> <span class='ocrx_word' id='word_1_203' title='bbox 862 3614 941 3696; x_wconf 84' lang='lat' dir='ltr'><strong>ejus</strong></span> <span class='ocrx_word' id='word_1_204' title='bbox 963 3635 1053 3702; x_wconf 84' lang='lat' dir='ltr'><strong>pars</strong></span> <span class='ocrx_word' id='word_1_205' title='bbox 1081 3618 1189 3700; x_wconf 78' lang='lat' dir='ltr'><strong>prius</strong></span> 
     </span>
     <span class='ocr_line' id='line_1_32' title="bbox 145 3717 1186 3804; baseline -0.002 -20"><span class='ocrx_word' id='word_1_206' title='bbox 145 3720 398 3786; x_wconf 87' lang='lat' dir='ltr'><strong>contrahatur</strong></span> <span class='ocrx_word' id='word_1_207' title='bbox 410 3761 421 3796; x_wconf 84' lang='lat'><strong>,</strong></span> <span class='ocrx_word' id='word_1_208' title='bbox 445 3726 482 3786; x_wconf 91' lang='lat' dir='ltr'><strong>et</strong></span> <span class='ocrx_word' id='word_1_209' title='bbox 502 3720 627 3784; x_wconf 84' lang='lat' dir='ltr'><strong>omnis</strong></span> <span class='ocrx_word' id='word_1_210' title='bbox 653 3717 776 3782; x_wconf 85' lang='lat' dir='ltr'><strong>cordis</strong></span> <span class='ocrx_word' id='word_1_211' title='bbox 796 3717 919 3783; x_wconf 88' lang='lat' dir='ltr'><strong>dextri</strong></span> <span class='ocrx_word' id='word_1_212' title='bbox 940 3719 1084 3804; x_wconf 87' lang='lat' dir='ltr'><strong>systole</strong></span> <span class='ocrx_word' id='word_1_213' title='bbox 1099 3736 1186 3782; x_wconf 85' lang='lat' dir='ltr'><strong>san·</strong></span> 
     </span>
     <span class='ocr_line' id='line_1_33' title="bbox 149 3819 1190 3910; baseline -0.001 -25"><span class='ocrx_word' id='word_1_214' title='bbox 149 3823 306 3910; x_wconf 82' lang='lat' dir='ltr'><strong>guinem</strong></span> <span class='ocrx_word' id='word_1_215' title='bbox 326 3844 456 3887; x_wconf 83' lang='lat' dir='ltr'><strong>versus</strong></span> <span class='ocrx_word' id='word_1_216' title='bbox 479 3823 624 3888; x_wconf 90' lang='lat' dir='ltr'><strong>ostium</strong></span> <span class='ocrx_word' id='word_1_217' title='bbox 646 3819 874 3886; x_wconf 86' lang='lat' dir='ltr'><strong>arterioeum</strong></span> <span class='ocrx_word' id='word_1_218' title='bbox 892 3821 1095 3905; x_wconf 87' lang='lat' dir='ltr'><strong>propellat.</strong></span> <span class='ocrx_word' id='word_1_219' title='bbox 1118 3819 1190 3884; x_wconf 81' lang='lat' dir='ltr'><strong>Re-</strong></span> 
     </span>
     <span class='ocr_line' id='line_1_34' title="bbox 149 3923 1190 4014; baseline -0.009 -23"><span class='ocrx_word' id='word_1_220' title='bbox 149 3931 283 3991; x_wconf 87' lang='lat' dir='ltr'><strong>manet</strong></span> <span class='ocrx_word' id='word_1_221' title='bbox 303 3931 433 3990; x_wconf 87' lang='lat' dir='ltr'><strong>tamen</strong></span> <span class='ocrx_word' id='word_1_222' title='bbox 453 3925 585 4014; x_wconf 86' lang='lat' dir='ltr'><strong>aliqua</strong></span> <span class='ocrx_word' id='word_1_223' title='bbox 602 3927 644 3992; x_wconf 89' lang='lat' dir='ltr'><strong>in</strong></span> <span class='ocrx_word' id='word_1_224' title='bbox 667 3923 877 3990; x_wconf 88' lang='lat' dir='ltr'><strong>ventriculi</strong></span> <span class='ocrx_word' id='word_1_225' title='bbox 899 3923 1046 3988; x_wconf 86' lang='lat' dir='ltr'><strong>lacunis</strong></span> <span class='ocrx_word' id='word_1_226' title='bbox 1065 3929 1102 3990; x_wconf 89' lang='lat' dir='ltr'><strong>et</strong></span> <span class='ocrx_word' id='word_1_227' title='bbox 1122 3942 1190 4012; x_wconf 79' lang='lat' dir='ltr'><strong>po.</strong></span> 
     </span>
     <span class='ocr_line' id='line_1_35' title="bbox 150 4025 1187 4116; baseline 0.002 -20"><span class='ocrx_word' id='word_1_228' title='bbox 150 4049 200 4096; x_wconf 90' lang='lat' dir='ltr'><strong>ne</strong></span> <span class='ocrx_word' id='word_1_229' title='bbox 220 4029 395 4096; x_wconf 86' lang='lat' dir='ltr'><strong>valvulas</strong></span> <span class='ocrx_word' id='word_1_230' title='bbox 426 4031 626 4114; x_wconf 83' lang='lat' dir='ltr'><strong>sanguinis</strong></span> <span class='ocrx_word' id='word_1_231' title='bbox 658 4029 787 4116; x_wconf 89' lang='lat' dir='ltr'><strong>copia,</strong></span> <span class='ocrx_word' id='word_1_232' title='bbox 820 4036 901 4102; x_wconf 81' lang='lat' dir='ltr'><strong>tarn</strong></span> <span class='ocrx_word' id='word_1_233' title='bbox 933 4025 1071 4112; x_wconf 81' lang='lat' dir='ltr'><strong>exigua</strong></span> <span class='ocrx_word' id='word_1_234' title='bbox 1102 4028 1187 4116; x_wconf 72' lang='lat' dir='ltr'><strong>qui-</strong></span> 
     </span>
     <span class='ocr_line' id='line_1_36' title="bbox 154 4133 1188 4226; baseline 0.001 -26"><span class='ocrx_word' id='word_1_235' title='bbox 154 4133 262 4209; x_wconf 85' lang='lat' dir='ltr'><strong>dem,</strong></span> <span class='ocrx_word' id='word_1_236' title='bbox 283 4143 326 4199; x_wconf 92' lang='lat' dir='ltr'><strong>ut</strong></span> <span class='ocrx_word' id='word_1_237' title='bbox 346 4154 409 4200; x_wconf 90' lang='lat' dir='ltr'><strong>cor</strong></span> <span class='ocrx_word' id='word_1_238' title='bbox 430 4133 473 4198; x_wconf 91' lang='lat' dir='ltr'><strong>in</strong></span> <span class='ocrx_word' id='word_1_239' title='bbox 495 4135 631 4221; x_wconf 83' lang='lat' dir='ltr'><strong>frigidi</strong></span> <span class='ocrx_word' id='word_1_240' title='bbox 649 4135 847 4226; x_wconf 81' lang='lat' dir='ltr'><strong>sanguinis</strong></span> <span class='ocrx_word' id='word_1_241' title='bbox 870 4133 1105 4212; x_wconf 82' lang='lat' dir='ltr'><strong>animalibus</strong></span> <span class='ocrx_word' id='word_1_242' title='bbox 1126 4154 1188 4220; x_wconf 67' lang='lat' dir='ltr'><strong>sy·</strong></span> 
     </span>
     <span class='ocr_line' id='line_1_37' title="bbox 149 4232 1194 4334; baseline -0.005 -22"><span class='ocrx_word' id='word_1_243' title='bbox 149 4243 254 4312; x_wconf 80' lang='lat' dir='ltr'><strong>stole</strong></span> <span class='ocrx_word' id='word_1_244' title='bbox 276 4241 520 4328; x_wconf 80' lang='lat' dir='ltr'><strong>expallescet.</strong></span> <span class='ocrx_word' id='word_1_245' title='bbox 557 4242 746 4310; x_wconf 78' lang='lat' dir='ltr'><strong>vacuatus</strong></span> <span class='ocrx_word' id='word_1_246' title='bbox 769 4232 868 4310; x_wconf 78' lang='lat' dir='ltr'><strong>&#39;duno</strong></span> <span class='ocrx_word' id='word_1_247' title='bbox 880 4281 902 4334; x_wconf 72' lang='lat'><strong>,¹</strong></span> <span class='ocrx_word' id='word_1_248' title='bbox 925 4259 996 4306; x_wconf 84' lang='lat' dir='ltr'><strong>nec</strong></span> <span class='ocrx_word' id='word_1_249' title='bbox 1024 4238 1194 4324; x_wconf 80' lang='lat' dir='ltr'><strong>amplius·</strong></span> 
     </span>
    </p>
   </div>
   <div class='ocr_carea' id='block_1_10' title="bbox 0 0 1454 4992">
    <p class='ocr_par' dir='ltr' id='par_1_10' title="bbox 0 0 1454 4992">
     <span class='ocr_line' id='line_1_38' title="bbox 0 0 1454 4992; baseline 0 0"><span class='ocrx_word' id='word_1_250' title='bbox 0 0 1454 4992; x_wconf 95' lang='lat' dir='ltr'><strong> </strong></span> 
     </span>
    </p>
   </div>
  </div>
 </body>
</html>
