2912 5000
242 365 309 438 aro
403 357 491 422 Lm.
509 355 540 420 Ι.
561 357 652 419 car.
666 353 714 422 ⁴7.
734 356 794 420 Da
818 364 1096 422 asserendus

255 517 345 565 rurn
367 503 404 561 et
424 496 734 580 sanguiserorum
765 502 935 580 systema
957 498 1120 598 minime
1142 517 1221 561 esse
1244 519 1307 594 re·

252 602 452 672 strictam,
474 619 607 663 verum
636 599 824 663 hactenus
853 619 935 663 esse
960 601 1241 682 universalem,
1263 608 1308 668 ut

254 703 387 770 omnia
406 720 549 785 organa
566 703 777 767 secretoria
805 704 940 770 stricte
959 704 1080 783 talia,
1098 724 1307 790 omnesque

253 809 375 872 totius
399 807 568 890 corporis
589 806 784 892 partem.
813 805 1020 896 349e-350.)
1046 829 1157 874 suam
1178 812 1307 876 confe-

253 919 345 979 rant
364 913 600 999 symbolam.
1047 925 1050 928 ·

341 1075 587 1140 Concurrunt
614 1071 729 1136 adid
756 1091 852 1156 opus
881 1073 1098 1158 generatim
1126 1071 1308 1155 triplices

249 1192 409 1266 quoque
431 1197 585 1242 causae:
612 1179 879 1256 mechanicae,
901 1177 1097 1242 chemicae
1122 1183 1161 1240 et
1181 1179 1302 1259 dyna-

251 1283 393 1348 micae.
415 1282 473 1346 Ad
492 1281 581 1344 illas
604 1281 805 1363 pertinent
833 1283 965 1345 luctus
988 1279 1112 1344 cordis
1134 1287 1306 1347 etarta-

219 1403 222 1410 '
248 1387 422 1463 riarum,
456 1403 664 1470 omnesque
692 1368 955 1458 efficientiae,¹
975 1403 1073 1469 quae
1104 1383 1307 1464 sanguinis

125 1527 127 1534 1
247 1493 445 1556 suscitant
463 1495 502 1553 et
523 1489 711 1569 adiuvant
731 1489 961 1564 circuitum
983 1485 1116 1549 omnia
1139 1503 1305 1567 organo·

249 1617 338 1662 rum
358 1594 640 1659 secernentium
658 1583 897 1658 adminicula
909 1589 1134 1653 mechanica
1144 1588 1189 1669 (ς.
1198 1589 1308 1670 352.);

253 1717 436 1762 vasorum
474 1696 639 1778 denique
680 1696 1023 1778 sanguiferorum‚
1057 1693 1311 1776 capillacium

249 1800 505 1892 praeprimis,
530 1799 752 1874 subtilitas,
779 1798 986 1882 dispositio
1018 1804 1059 1860 et*
1077 1803 1296 1860 anastomo-

249 1908 303 1970 sis
324 1908 517 1989 frequens.
543 1905 609 1966 His
629 1904 734 1966 enim
755 1903 825 1977 fit,
847 1911 890 1966 ut
911 1903 1053 1964 humor
1072 1919 1188 1963 novus
1211 1919 1298 1966 cum

247 2017 437 2097 sanguine
470 2015 610 2079 intime
640 2015 872 2088 misceatur,
893 2015 1102 2093 mutuaque
1124 2007 1301 2076 substen-

250 2117 400 2181 tiarum
420 2114 689 2186 differentium
715 2115 817 2184 actio
834 2120 1120 2200 promoveatur.
1140 2111 1144 2120 ’

336 2279 451 2344 Plura
467 2281 597 2346 autem
616 2286 727 2356 sunt,
746 2299 844 2366 quae
870 2279 1093 2343 chemice
1114 2280 1234 2360 agunt
1261 2275 1304 2340 in

252 2379 471 2467 lympham.
515 2382 726 2465 Praecipua
758 2387 816 2446 est
845 2381 948 2445 actio
981 2365 1181 2464 sanguinis
1203 2418 1214 2454 ,
1239 2378 1307 2464 qui

253 2484 443 2547 mistione¹
464 2505 536 2548 sua
553 2485 661 2570 chyli
679 2491 717 2549 et
736 2485 918 2569 lymphae
938 2483 1205 2547 differentiam
1219 2489 1308 2544 tan-

249 2595 295 2651 to
316 2589 474 2652 facilius
499 2590 634 2652 tollere
651 2595 798 2671 potest,
822 2609 906 2651 cum
923 2589 1106 2652 humores
1126 2587 1181 2666 ii,
1202 2587 1304 2649 mul·

251 2693 496 2779 tumulique
518 2693 736 2759 adsimileti
758 2695 808 2778 (ς.
822 2693 934 2780 381),
953 2714 1020 2777 per
1040 2695 1195 2780 exiguas
1216 2715 1306 2777 por-

250 2796 404 2873 tiones,
436 2797 618 2882 lentoque
645 2804 914 2882 progressuct
943 2801 1130 2882 guttatim
1161 2798 1303 2880 saltem

220 2985 224 2992 Α
249 2897 507 2987 instillentur·
530 2901 596 2962 His
616 2900 791 2976 adcedit,
810 2900 913 2985 quod
931 2922 975 2964 ee
996 2901 1181 2984 lymphas
1202 2921 1307 2986 pars,

247 3019 350 3086 quae
371 3000 436 3066 via
463 3003 643 3068 breviore
665 3003 707 3068 in
737 3024 922 3071 venosum
954 3003 1304 3089 deducituvsyste-

253 3124 346 3180 ma,
364 3119 453 3172 cum
473 3107 662 3189 sanguine
683 3105 794 3189 nigro
806 3146 817 3181 ‚
843 3105 910 3191 qui
930 3105 1072 3170 lentius
1099 3107 1303 3192 progredi·

251 3215 340 3286 tur,
360 3211 405 3274 in
432 3208 620 3274 diuturno
642 3213 870 3293 permaneat
897 3215 1111 3285 contactu,
1136 3218 1175 3273 et
1209 3211 1306 3274 insi·

230 3312 339 3395 .gnis
363 3312 471 3396 chyli
490 3311 619 3398 portio
641 3331 729 3374 cum
748 3331 872 3376 venae
894 3315 1093 3393 portarum
1110 3313 1299 3398 sanguine

248 3413 291 3476 in
310 3412 433 3492 hepar
451 3413 603 3479 feratur
623 3413 674 3496 (ς.
694 3415 809 3504 309),
830 3413 990 3502 ejusque
1010 3415 1175 3480 visceris
1198 3416 1304 3480 adsi·

226 3513 231 3521 “
253 3515 462 3584 milantem
486 3519 708 3598 experiatur
725 3519 820 3580 vim.
845 3516 914 3580 Ille
933 3506 1130 3596 praeterea
1149 3519 1303 3592 humor,

251 3617 317 3704 qui
339 3611 558 3700 perductus
582 3619 800 3684 thoracicos
831 3616 1007 3683 dextrum
1029 3624 1069 3682 et
1096 3619 1302 3685 sinistrum

251 3723 304 3805 (ς.
331 3718 425 3802 167.)
447 3719 489 3782 in
509 3739 693 3788 venosum
712 3722 837 3788 fertur
866 3721 1093 3804 sanguinem
1106 3763 1118 3796 ,
1140 3740 1209 3803 per
1239 3743 1303 3786 ve·

252 3844 346 3896 nam
379 3831 512 3896 cavam
544 3824 779 3908 superiorem
810 3824 852 3889 in
873 3823 1051 3888 dextrum
1080 3824 1306 3906 perducitur

248 3949 340 4006 sor,
357 3936 401 3994 ut
420 3930 485 3994 vie
507 3928 685 4002 breviore
700 3931 741 3993 in
759 3931 962 4012 pulmones
981 3930 1308 4014 pertingetfipsi-

254 4052 328 4118 que
349 4031 594 4096 adsimilatus
623 4031 803 4113 sanguini
833 4035 884 4114 (§.
912 4035 1022 4118 341).
1057 4035 1209 4118 Organa
1238 4035 1303 4100 de-

221 4145 223 4151 “
246 4137 372 4222 'nique
401 4134 608 4206 secretoria
642 4135 774 4214 stricte
795 4137 893 4204 talia
919 4136 969 4218 (i.
991 4138 1093 4222 350.)
1114 4137 1298 4224 lymphae

181 4307 186 4320 ,
251 4239 586 4315 annullationem
637 4238 808 4326 chemise
846 4241 1073 4328 adiuuant,
1112 4247 1302 4338 quatenus
