2922 4996
240 407 304 483 152
344 377 431 464 Lm.
445 399 472 462 Ι.
488 401 579 464 cur.
592 400 637 465 11.
648 399 708 466 Dr
726 411 919 463 numum.
937 411 1197 464 morsrrorcr.

156 537 159 546 ¹
240 541 508 608 discernendos
519 543 540 608 f
543 538 573 624 ).
594 544 621 606 E
640 544 788 607 curiose
805 545 1152 628 pervestigatione,
1165 561 1280 629 quern

242 649 325 728 celi.
345 649 596 712 Diiriirrnnrr
620 653 658 712 et
677 650 838 714 Micuu
861 667 981 729 nuper
1001 647 1280 726 instituerunt,

243 745 428 836 apparet,
451 753 521 816 hos
545 750 707 816 nodulos
739 753 781 814 in
813 752 1035 832 junioribus
1064 749 1280 814 individuis

241 857 323 918 fere
342 871 726 936 semperloceurrere,
746 852 1024 938 frequentiores
1043 871 1120 916 esse
1143 858 1180 916 et
1200 871 1282 914 me·

242 957 341 1040 jorse
373 956 415 1020 in
446 957 535 1022 aliis
570 956 846 1018 memmalibus
884 973 1001 1039 quem
1031 953 1073 1018 in
1102 955 1282 1028 homine,

244 1059 390 1142 optime
412 1078 595 1142 apparere
615 1063 721 1133 tum,
739 1059 808 1120 ubi
836 1058 919 1120 lien
936 1058 1079 1140 frigore
1105 1058 1283 1139 congela-

244 1167 331 1238 tur,
355 1168 469 1244 etque
491 1167 583 1224 tunc
604 1162 828 1244 corpuscula
853 1161 995 1225 referre
1019 1159 1282 1244 grisescuntie,

238 1269 522 1356 =nb1s5.usque
548 1267 693 1332 lineam
721 1287 882 1354 magne,
904 1288 989 1332 cum
1022 1267 1173 1349 relique
1194 1266 1285 1328 sub·

243 1373 389 1434 stantia
413 1372 634 1444 cohaerere,
653 1371 870 1436 cavitatem
892 1372 1036 1438 hebere
1056 1371 1224 1448 nullam,
1247 1374 1285 1432 et

242 1471 377 1554 paucis
398 1470 539 1534 instrui
557 1471 765 1535 subtilibus
793 1473 907 1538 vasis.
946 1474 1120 1536 Ceterum
1138 1471 1286 1534 hebent
1370 1501 1375 1513 ·

243 1572 290 1638 hi
311 1557 447 1638 noduli‘
464 1573 629 1666 mollem
656 1574 969 1652 consistentiam,
988 1581 1030 1638 ut
1051 1574 1145 1638 adeo
1168 1571 1286 1638 cultri

244 1677 353 1758 apice
381 1674 502 1740 evulsi
534 1672 721 1740 diffluant
742 1721 753 1756 ‚
777 1681 814 1741 et
845 1677 1079 1750 ostendunt,
1111 1673 1287 1758 congruis

242 1776 383 1840 mediis
405 1778 589 1855 tractati,
609 1777 1148 1864 geletinoso·elbuminosam
1177 1775 1287 1840 indo·

246 1880 324 1948 lem
350 1881 404 1963 g).

330 2042 406 2106 Hos
428 2045 557 2106 eutem
578 2040 742 2108 nodulos
762 2043 1013 2110 Mttrrenws
1038 2041 1132 2106 olim
1145 2046 1183 2104 et
1201 2040 1290 2123 plu·

244 2165 305 2210 res
325 2150 413 2228 post
436 2165 523 2208 eum
552 2146 759 2230 scriptores
781 2169 849 2232 pro
874 2150 995 2212 acinis
1028 2148 1158 2224 cavis,
1177 2147 1288 2230 glun-

248 2243 392 2310 dulosis
423 2242 668 2312 declararunt
696 2250 746 2331 h)
761 2289 772 2324 ‚
796 2257 980 2334 erantque
1009 2249 1103 2328 ulii,
1125 2247 1191 2333 qui
1219 2249 1289 2308 du·

247 2349 353 2412 ctum
373 2350 626 2414 exoratorium
637 2394 650 2428 ,
674 2373 696 2414 e
719 2343 820 2418 liene
839 2353 880 2415 in
901 2351 1120 2444 duodenum
1145 2352 1289 2414 abeun-

246 2455 350 2528 tem,
370 2455 587 2519 statuerunt
610 2456 660 2542 i).
691 2456 845 2520 Dudum
876 2477 966 2520 vero
994 2457 1087 2518 haec
1111 2475 1178 2538 per
1204 2454 1288 2520 celi.

248 2557 557 2638 anatomicorum
591 2558 825 2624 industriam
849 2560 1009 2642 exploso¹
1037 2565 1148 2636 sunt,
1170 2577 1291 2640 nequo

249 2657 411 2722 admitti
427 2665 630 2741 poterant,
649 2680 735 2726 cum
758 2663 867 2726 nulle
888 2662 961 2726 fist
982 2662 1024 2726 in
1044 2663 1117 2726 hoc
1146 2660 1290 2735 viscere

252 2763 463 2830 manifeste
483 2765 676 2858 secretio..

332 2927 516 3010 copiosus
549 2927 675 3012 spleni
709 2925 915 2993 adducitur
943 2950 1010 3013 per
1040 2927 1292 2992 arteriam

250 3027 524 3107 lienslem,
554 3031 757 3113 hepaticus
788 3031 954 3098 arteriae
992 3030 1293 3114 amplitudinem

249 3134 293 3198 in
317 3133 447 3198 adulto
467 3136 624 3200 homine
642 3137 722 3200 iere
748 3134 978 3221 aequantem
991 3177 1002 3212 ‚
1025 3134 1197 3220 sanguis.
1227 3135 1294 3196 Est

250 3237 347 3302 hoec
387 3237 576 3304 coeliacus
608 3240 774 3304 arteriae
811 3260 966 3317 remus,
999 3237 1102 3325 cujus
1138 3237 1293 3300 tunicae

251 3359 400 3404 crassae
431 3347 521 3406 sunt
554 3347 592 3406 et
620 3344 782 3419 molles,
805 3342 929 3425 majus
957 3342 1145 3406 hebentes
1176 3340 1319 3404 robur‘

251 3465 368 3536 quem
389 3446 474 3530 ipsa
494 3453 605 3512 sorte
625 3447 685 3536 k).
709 3451 737 3513 E
755 3455 890 3512 trunco
905 3467 973 3512 suo
996 3453 1295 3531 exorteserpen-

251 3549 337 3612 tino
359 3569 469 3614 cursu
493 3551 756 3618 sinistrorsum
776 3557 814 3618 et
832 3571 969 3636 purum
990 3553 1190 3636 superiore
1209 3571 1297 3616 ver·

228 3671 315 3740 ⁸rus
345 3658 433 3736 post
471 3672 655 3736 pancreas
686 3654 734 3723 ed
764 3656 907 3720 lienem
944 3654 1139 3739 procedit;
1168 3653 1298 3718 mittit

251 3755 322 3850 suit
355 3754 427 3820 hoc
452 3756 593 3822 itinere
628 3777 755 3824 remos
788 3779 926 3842 pervus
961 3757 1011 3820 ed
1037 3775 1221 3840 pedereus
1257 3759 1298 3820 et

253 3855 473 3924 duodenum
486 3899 498 3936 ,
510 3859 671 3930 erteries
690 3863 827 3928 breves
846 3862 888 3924 in
910 3879 1064 3925 caecum
1087 3855 1298 3922 ventriculi

255 3981 409 4028 saccum
427 3961 445 4045 (
460 3969 489 4040 ς.
511 3981 584 4044 277·
598 3963 644 4052 )‚
666 3971 780 4050 etque
804 3960 1172 4048 gastroepiploicam
1200 3958 1296 4022 sini-

256 4070 380 4132 stram
392 4107 403 4144 ,
418 4066 466 4130 ed
487 4073 684 4132 omentum
707 4066 831 4145 majus
853 4072 1019 4130 euntem.
1042 4066 1134 4128 Cum
1155 4059 1301 4124 arteris

253 4171 411 4238 lienelis
442 4173 518 4256 ipsi
554 4173 633 4256 jem
660 4169 841 4254 proxime
872 4174 928 4233 est
957 4167 1084 4249 lieni,
1104 4167 1147 4232 in
1170 4184 1300 4230 remos

251 4279 419 4352 finditur
447 4281 541 4356 duos
571 4285 639 4346 eut
665 4285 766 4362 tres,
796 4276 864 4362 qui
896 4275 1045 4344 sulcum
1079 4275 1293 4359 oblongum
