<?xml version="1.0" encoding="UTF-8"?>
<!DOCTYPE html PUBLIC "-//W3C//DTD XHTML 1.0 Transitional//EN"
    "http://www.w3.org/TR/xhtml1/DTD/xhtml1-transitional.dtd">
<html xmlns="http://www.w3.org/1999/xhtml" xml:lang="en" lang="en">
 <head>
  <title>
</title>
<meta http-equiv="Content-Type" content="text/html;charset=utf-8" />
  <meta name='ocr-system' content='tesseract 3.04.00' />
  <meta name='ocr-capabilities' content='ocr_page ocr_carea ocr_par ocr_line ocrx_word'/>
</head>
<body>
  <div class='ocr_page' id='page_1' title='image "./physiologiamedi03lenhgoog_0045.png"; bbox 0 0 2892 5004; ppageno 0'>
   <div class='ocr_carea' id='block_1_1' title="bbox 286 367 1232 496">
    <p class='ocr_par' dir='ltr' id='par_1_1' title="bbox 286 367 1232 496">
     <span class='ocr_line' id='line_1_1' title="bbox 286 367 1232 496; baseline 0.004 -23"><span class='ocrx_word' id='word_1_1' title='bbox 286 429 330 496; x_wconf 64' lang='grc' dir='ltr'><strong><em>φ</em></strong></span> <span class='ocrx_word' id='word_1_2' title='bbox 390 393 474 474; x_wconf 75' lang='lat' dir='ltr'><strong>Lm.</strong></span> <span class='ocrx_word' id='word_1_3' title='bbox 488 405 517 472; x_wconf 86' lang='lat'><strong>1.</strong></span> <span class='ocrx_word' id='word_1_4' title='bbox 530 404 657 482; x_wconf 71' lang='lat' dir='ltr'><strong>cnm.</strong></span> <span class='ocrx_word' id='word_1_5' title='bbox 669 404 728 470; x_wconf 80' lang='lat' dir='ltr'><strong>Dc</strong></span> <span class='ocrx_word' id='word_1_6' title='bbox 744 367 1232 493; x_wconf 60' lang='lat' dir='ltr'><strong>scrnsnrmnsourrorln.</strong></span> 
     </span>
    </p>
   </div>
   <div class='ocr_carea' id='block_1_2' title="bbox 181 543 1330 636">
    <p class='ocr_par' dir='ltr' id='par_1_2' title="bbox 181 543 1330 636">
     <span class='ocr_line' id='line_1_2' title="bbox 181 543 1330 636; baseline -0.014 -16"><span class='ocrx_word' id='word_1_7' title='bbox 181 586 185 594; x_wconf 89' lang='lat'><em>·</em></span> <span class='ocrx_word' id='word_1_8' title='bbox 285 546 447 618; x_wconf 85' lang='lat' dir='ltr'><strong>busdam</strong></span> <span class='ocrx_word' id='word_1_9' title='bbox 467 545 662 628; x_wconf 79' lang='lat' dir='ltr'><strong>molluscis</strong></span> <span class='ocrx_word' id='word_1_10' title='bbox 684 543 960 636; x_wconf 86' lang='lat' dir='ltr'><strong>(limacibus),</strong></span> <span class='ocrx_word' id='word_1_11' title='bbox 986 555 1023 614; x_wconf 85' lang='lat' dir='ltr'><strong>et</strong></span> <span class='ocrx_word' id='word_1_12' title='bbox 1045 553 1241 617; x_wconf 78' lang='lat' dir='ltr'><strong>vermibus</strong></span> <span class='ocrx_word' id='word_1_13' title='bbox 1265 547 1330 636; x_wconf 68' lang='lat' dir='ltr'><strong>(a.</strong></span> 
     </span>
    </p>
   </div>
   <div class='ocr_carea' id='block_1_3' title="bbox 261 639 1328 741">
    <p class='ocr_par' dir='ltr' id='par_1_3' title="bbox 261 639 1328 741">
     <span class='ocr_line' id='line_1_3' title="bbox 261 639 1328 741; baseline 0 -21"><span class='ocrx_word' id='word_1_14' title='bbox 261 639 501 741; x_wconf 81' lang='lat' dir='ltr'><strong>phroditis)</strong></span> <span class='ocrx_word' id='word_1_15' title='bbox 514 698 527 732; x_wconf 90' lang='lat'>‚</span> <span class='ocrx_word' id='word_1_16' title='bbox 547 651 772 738; x_wconf 80' lang='lat' dir='ltr'>proboscide</span> <span class='ocrx_word' id='word_1_17' title='bbox 797 653 985 738; x_wconf 74' lang='lat' dir='ltr'><strong>peculiari</strong></span> <span class='ocrx_word' id='word_1_18' title='bbox 1016 659 1103 720; x_wconf 85' lang='lat' dir='ltr'><strong>&#39;eum</strong></span> <span class='ocrx_word' id='word_1_19' title='bbox 1137 657 1178 720; x_wconf 90' lang='lat' dir='ltr'><strong>in</strong></span> <span class='ocrx_word' id='word_1_20' title='bbox 1206 655 1328 740; x_wconf 78' lang='lat' dir='ltr'><strong>finem</strong></span> 
     </span>
    </p>
   </div>
   <div class='ocr_carea' id='block_1_4' title="bbox 158 749 1329 836">
    <p class='ocr_par' dir='ltr' id='par_1_4' title="bbox 158 749 1329 836">
     <span class='ocr_line' id='line_1_4' title="bbox 158 749 1329 836; baseline 0 -14"><span class='ocrx_word' id='word_1_21' title='bbox 158 751 160 765; x_wconf 81' lang='grc'><em>’</em></span> <span class='ocrx_word' id='word_1_22' title='bbox 280 759 494 824; x_wconf 83' lang='lat' dir='ltr'><strong>utentibus.</strong></span> <span class='ocrx_word' id='word_1_23' title='bbox 525 757 689 822; x_wconf 81' lang='lat' dir='ltr'><strong>Eaedem</strong></span> <span class='ocrx_word' id='word_1_24' title='bbox 710 749 962 836; x_wconf 78' lang='lat' dir='ltr'><strong>mandibulae</strong></span> <span class='ocrx_word' id='word_1_25' title='bbox 981 757 1023 822; x_wconf 84' lang='lat' dir='ltr'><strong>in</strong></span> <span class='ocrx_word' id='word_1_26' title='bbox 1052 761 1329 826; x_wconf 73' lang='lat' dir='ltr'><strong>mammalibus</strong></span> 
     </span>
    </p>
   </div>
   <div class='ocr_carea' id='block_1_5' title="bbox 204 863 1370 1884">
    <p class='ocr_par' dir='ltr' id='par_1_5' title="bbox 204 863 1370 1884">
     <span class='ocr_line' id='line_1_5' title="bbox 204 863 1328 951; baseline -0.002 -18"><span class='ocrx_word' id='word_1_27' title='bbox 204 899 207 908; x_wconf 63' lang='lat'><strong><em>¹</em></strong></span> <span class='ocrx_word' id='word_1_28' title='bbox 268 869 335 933; x_wconf 76' lang='lat' dir='ltr'><strong>sio</strong></span> <span class='ocrx_word' id='word_1_29' title='bbox 355 870 599 951; x_wconf 77' lang='lat' dir='ltr'><strong>comparatae</strong></span> <span class='ocrx_word' id='word_1_30' title='bbox 620 867 709 928; x_wconf 86' lang='lat' dir='ltr'><strong>sunt</strong></span> <span class='ocrx_word' id='word_1_31' title='bbox 721 909 729 940; x_wconf 86' lang='lat'><strong>,</strong></span> <span class='ocrx_word' id='word_1_32' title='bbox 742 868 786 926; x_wconf 89' lang='lat' dir='ltr'><strong>ut</strong></span> <span class='ocrx_word' id='word_1_33' title='bbox 807 863 939 926; x_wconf 87' lang='lat' dir='ltr'><strong>cibum</strong></span> <span class='ocrx_word' id='word_1_34' title='bbox 958 867 1189 947; x_wconf 86' lang='lat' dir='ltr'><strong>prehensum</strong></span> <span class='ocrx_word' id='word_1_35' title='bbox 1208 868 1328 930; x_wconf 89' lang='lat' dir='ltr'><strong>simul</strong></span> 
     </span>
     <span class='ocr_line' id='line_1_6' title="bbox 281 965 1370 1050; baseline 0.003 -15"><span class='ocrx_word' id='word_1_36' title='bbox 281 969 563 1042; x_wconf 78' lang='lat' dir='ltr'><strong>comminuere,</strong></span> <span class='ocrx_word' id='word_1_37' title='bbox 577 985 726 1050; x_wconf 72' lang='lat' dir='ltr'><strong>¹proque</strong></span> <span class='ocrx_word' id='word_1_38' title='bbox 747 965 960 1050; x_wconf 75' lang='lat' dir='ltr'><strong>digestione</strong></span> <span class='ocrx_word' id='word_1_39' title='bbox 981 968 1171 1050; x_wconf 81' lang='lat' dir='ltr'><strong>aptiorem</strong></span> <span class='ocrx_word' id='word_1_40' title='bbox 1190 969 1326 1037; x_wconf 87' lang='lat' dir='ltr'><strong>redde·</strong></span> <span class='ocrx_word' id='word_1_41' title='bbox 1367 1025 1370 1038; x_wconf 93' lang='grc'>.</span> 
     </span>
     <span class='ocr_line' id='line_1_7' title="bbox 281 1061 1326 1158; baseline -0.002 -18"><span class='ocrx_word' id='word_1_42' title='bbox 281 1095 321 1140; x_wconf 88' lang='lat' dir='ltr'><strong>re</strong></span> <span class='ocrx_word' id='word_1_43' title='bbox 341 1073 504 1158; x_wconf 75' lang='lat' dir='ltr'><strong>possint.</strong></span> <span class='ocrx_word' id='word_1_44' title='bbox 538 1068 782 1154; x_wconf 76' lang='lat' dir='ltr'><strong>Respondent</strong></span> <span class='ocrx_word' id='word_1_45' title='bbox 804 1061 937 1154; x_wconf 67' lang='lat' dir='ltr'><strong>itaque</strong></span> <span class='ocrx_word' id='word_1_46' title='bbox 965 1071 1099 1136; x_wconf 87' lang='lat' dir='ltr'><strong>dentes</strong></span> <span class='ocrx_word' id='word_1_47' title='bbox 1122 1078 1161 1138; x_wconf 90' lang='lat' dir='ltr'><strong>et</strong></span> <span class='ocrx_word' id='word_1_48' title='bbox 1184 1075 1326 1138; x_wconf 84' lang='lat' dir='ltr'><strong>maxil-</strong></span> 
     </span>
     <span class='ocr_line' id='line_1_8' title="bbox 280 1171 1327 1262; baseline 0.003 -21"><span class='ocrx_word' id='word_1_49' title='bbox 280 1179 409 1242; x_wconf 86' lang='lat' dir='ltr'><strong>larum</strong></span> <span class='ocrx_word' id='word_1_50' title='bbox 432 1173 633 1239; x_wconf 71' lang='lat' dir='ltr'><strong>mobilitas</strong></span> <span class='ocrx_word' id='word_1_51' title='bbox 653 1173 746 1237; x_wconf 92' lang='lat' dir='ltr'><strong>huic</strong></span> <span class='ocrx_word' id='word_1_52' title='bbox 768 1172 841 1236; x_wconf 88' lang='lat' dir='ltr'><strong>fini</strong></span> <span class='ocrx_word' id='word_1_53' title='bbox 862 1173 940 1250; x_wconf 87' lang='lat' dir='ltr'><strong>ita,</strong></span> <span class='ocrx_word' id='word_1_54' title='bbox 962 1185 1006 1240; x_wconf 87' lang='lat' dir='ltr'><strong>ut</strong></span> <span class='ocrx_word' id='word_1_55' title='bbox 1026 1177 1111 1242; x_wconf 89' lang='lat' dir='ltr'><strong>cibo</strong></span> <span class='ocrx_word' id='word_1_56' title='bbox 1124 1221 1135 1256; x_wconf 93' lang='lat'><strong>,</strong></span> <span class='ocrx_word' id='word_1_57' title='bbox 1156 1177 1223 1262; x_wconf 92' lang='lat' dir='ltr'><strong>qui</strong></span> <span class='ocrx_word' id='word_1_58' title='bbox 1245 1171 1327 1244; x_wconf 85' lang='lat' dir='ltr'><strong>illis</strong></span> 
     </span>
     <span class='ocr_line' id='line_1_9' title="bbox 278 1274 1324 1364; baseline 0.002 -18"><span class='ocrx_word' id='word_1_59' title='bbox 278 1301 324 1346; x_wconf 85' lang='lat' dir='ltr'><strong>ex</strong></span> <span class='ocrx_word' id='word_1_60' title='bbox 345 1285 486 1346; x_wconf 76' lang='lat' dir='ltr'><strong>nature</strong></span> <span class='ocrx_word' id='word_1_61' title='bbox 502 1276 691 1344; x_wconf 80' lang='lat' dir='ltr'><strong>convenit</strong></span> <span class='ocrx_word' id='word_1_62' title='bbox 713 1274 764 1360; x_wconf 86' lang='lat'><strong>(§.</strong></span> <span class='ocrx_word' id='word_1_63' title='bbox 786 1275 882 1364; x_wconf 72' lang='lat'><strong>2620)</strong></span> <span class='ocrx_word' id='word_1_64' title='bbox 895 1318 906 1352; x_wconf 90' lang='lat'><strong>,</strong></span> <span class='ocrx_word' id='word_1_65' title='bbox 928 1299 989 1345; x_wconf 87' lang='lat' dir='ltr'><strong>eas</strong></span> <span class='ocrx_word' id='word_1_66' title='bbox 1010 1287 1139 1364; x_wconf 85' lang='lat' dir='ltr'><strong>partes</strong></span> <span class='ocrx_word' id='word_1_67' title='bbox 1169 1281 1324 1348; x_wconf 79' lang='lat' dir='ltr'><strong>adcom-</strong></span> 
     </span>
     <span class='ocr_line' id='line_1_10' title="bbox 276 1369 1325 1459; baseline 0.003 -12"><span class='ocrx_word' id='word_1_68' title='bbox 276 1369 453 1448; x_wconf 85' lang='lat' dir='ltr'><strong>modatas</strong></span> <span class='ocrx_word' id='word_1_69' title='bbox 471 1378 615 1447; x_wconf 86' lang='lat' dir='ltr'><strong>videas.</strong></span> <span class='ocrx_word' id='word_1_70' title='bbox 637 1375 775 1442; x_wconf 75' lang='lat' dir='ltr'><strong>Classis</strong></span> <span class='ocrx_word' id='word_1_71' title='bbox 797 1377 995 1448; x_wconf 84' lang='lat' dir='ltr'><strong>inferioris</strong></span> <span class='ocrx_word' id='word_1_72' title='bbox 1018 1385 1226 1459; x_wconf 85' lang='lat' dir='ltr'><strong>animalia,</strong></span> <span class='ocrx_word' id='word_1_73' title='bbox 1242 1407 1325 1450; x_wconf 80' lang='lat' dir='ltr'><strong>ma-</strong></span> 
     </span>
     <span class='ocr_line' id='line_1_11' title="bbox 275 1467 1325 1576; baseline 0.002 -22"><span class='ocrx_word' id='word_1_74' title='bbox 275 1490 335 1574; x_wconf 77' lang='lat' dir='ltr'><strong>gis</strong></span> <span class='ocrx_word' id='word_1_75' title='bbox 349 1478 386 1554; x_wconf 50' lang='lat' dir='ltr'><strong>&#39;a</strong></span> <span class='ocrx_word' id='word_1_76' title='bbox 414 1485 572 1554; x_wconf 85' lang='lat' dir='ltr'><strong>bomine</strong></span> <span class='ocrx_word' id='word_1_77' title='bbox 603 1477 847 1563; x_wconf 78' lang='lat' dir='ltr'><strong>recedentia,</strong></span> <span class='ocrx_word' id='word_1_78' title='bbox 869 1467 1109 1554; x_wconf 72' lang='lat' dir='ltr'><strong>mandibulis</strong></span> <span class='ocrx_word' id='word_1_79' title='bbox 1131 1495 1325 1576; x_wconf 77' lang='lat' dir='ltr'><strong>gaudent,</strong></span> 
     </span>
     <span class='ocr_line' id='line_1_12' title="bbox 278 1589 1323 1672; baseline 0.004 -16"><span class='ocrx_word' id='word_1_80' title='bbox 278 1592 372 1658; x_wconf 79' lang='lat' dir='ltr'><strong>solis</strong></span> <span class='ocrx_word' id='word_1_81' title='bbox 403 1589 592 1656; x_wconf 79' lang='lat' dir='ltr'><strong>duntaxat</strong></span> <span class='ocrx_word' id='word_1_82' title='bbox 619 1589 921 1672; x_wconf 87' lang='lat' dir='ltr'><strong>prehendendis,</strong></span> <span class='ocrx_word' id='word_1_83' title='bbox 949 1613 1032 1658; x_wconf 86' lang='lat' dir='ltr'><strong>non</strong></span> <span class='ocrx_word' id='word_1_84' title='bbox 1064 1611 1155 1660; x_wconf 81' lang='lat' dir='ltr'><strong>vero</strong></span> <span class='ocrx_word' id='word_1_85' title='bbox 1186 1598 1323 1661; x_wconf 79' lang='lat' dir='ltr'><strong>musti·-</strong></span> 
     </span>
     <span class='ocr_line' id='line_1_13' title="bbox 277 1683 1322 1782; baseline 0.008 -28"><span class='ocrx_word' id='word_1_86' title='bbox 277 1689 537 1774; x_wconf 33' lang='lat' dir='ltr'><strong>candispcibis</strong></span> <span class='ocrx_word' id='word_1_87' title='bbox 571 1689 741 1766; x_wconf 85' lang='lat' dir='ltr'><strong>idoneis,</strong></span> <span class='ocrx_word' id='word_1_88' title='bbox 764 1683 856 1756; x_wconf 89' lang='lat' dir='ltr'><strong>licet</strong></span> <span class='ocrx_word' id='word_1_89' title='bbox 887 1687 1089 1776; x_wconf 83' lang='lat' dir='ltr'><strong>amphibia</strong></span> <span class='ocrx_word' id='word_1_90' title='bbox 1119 1692 1250 1782; x_wconf 86' lang='lat' dir='ltr'><strong>aliqua</strong></span> <span class='ocrx_word' id='word_1_91' title='bbox 1283 1703 1322 1762; x_wconf 82' lang='lat' dir='ltr'><strong>et</strong></span> 
     </span>
     <span class='ocr_line' id='line_1_14' title="bbox 275 1787 1320 1884; baseline 0.008 -27"><span class='ocrx_word' id='word_1_92' title='bbox 275 1791 399 1878; x_wconf 85' lang='lat' dir='ltr'><strong>pisces</strong></span> <span class='ocrx_word' id='word_1_93' title='bbox 419 1791 584 1875; x_wconf 80' lang='lat' dir='ltr'><strong>copiosis</strong></span> <span class='ocrx_word' id='word_1_94' title='bbox 605 1789 846 1858; x_wconf 82' lang='lat' dir='ltr'><strong>instruantur</strong></span> <span class='ocrx_word' id='word_1_95' title='bbox 871 1787 1065 1861; x_wconf 82' lang='lat' dir='ltr'><strong>dentibus.</strong></span> <span class='ocrx_word' id='word_1_96' title='bbox 1097 1795 1237 1884; x_wconf 80' lang='lat' dir='ltr'><strong>Aliqua</strong></span> <span class='ocrx_word' id='word_1_97' title='bbox 1260 1803 1320 1864; x_wconf 82' lang='lat' dir='ltr'><strong>ta·</strong></span> 
     </span>
    </p>
   </div>
   <div class='ocr_carea' id='block_1_6' title="bbox 135 1887 1319 1986">
    <p class='ocr_par' dir='ltr' id='par_1_6' title="bbox 135 1887 1319 1986">
     <span class='ocr_line' id='line_1_15' title="bbox 135 1887 1319 1986; baseline 0.003 -24"><span class='ocrx_word' id='word_1_98' title='bbox 135 1887 141 1900; x_wconf 59' lang='lat'>⁸</span> <span class='ocrx_word' id='word_1_99' title='bbox 236 1895 251 1964; x_wconf 77' lang='grc'><strong>’,</strong></span> <span class='ocrx_word' id='word_1_100' title='bbox 277 1915 367 1962; x_wconf 90' lang='lat' dir='ltr'><strong>men</strong></span> <span class='ocrx_word' id='word_1_101' title='bbox 386 1895 664 1970; x_wconf 67' lang='lat' dir='ltr'><strong>munimenta,</strong></span> <span class='ocrx_word' id='word_1_102' title='bbox 691 1899 885 1962; x_wconf 82' lang='lat' dir='ltr'><strong>crustacea</strong></span> <span class='ocrx_word' id='word_1_103' title='bbox 907 1899 946 1962; x_wconf 85' lang='lat' dir='ltr'><strong>et</strong></span> <span class='ocrx_word' id='word_1_104' title='bbox 968 1899 1186 1986; x_wconf 83' lang='lat' dir='ltr'><strong>zoophyta,</strong></span> <span class='ocrx_word' id='word_1_105' title='bbox 1206 1901 1319 1966; x_wconf 86' lang='lat' dir='ltr'><strong>Echi-</strong></span> 
     </span>
    </p>
   </div>
   <div class='ocr_carea' id='block_1_7' title="bbox 274 1992 1320 2082">
    <p class='ocr_par' dir='ltr' id='par_1_7' title="bbox 274 1992 1320 2082">
     <span class='ocr_line' id='line_1_16' title="bbox 274 1992 1320 2082; baseline 0.008 -19"><span class='ocrx_word' id='word_1_106' title='bbox 274 2019 345 2064; x_wconf 88' lang='lat' dir='ltr'><strong>nus</strong></span> <span class='ocrx_word' id='word_1_107' title='bbox 368 1992 592 2082; x_wconf 87' lang='lat' dir='ltr'><strong>praecipuc,</strong></span> <span class='ocrx_word' id='word_1_108' title='bbox 621 2005 840 2082; x_wconf 81' lang='lat' dir='ltr'><strong>apparatu,</strong></span> <span class='ocrx_word' id='word_1_109' title='bbox 863 2001 1128 2068; x_wconf 80' lang='lat' dir='ltr'><strong>masticationi</strong></span> <span class='ocrx_word' id='word_1_110' title='bbox 1157 2003 1320 2071; x_wconf 79' lang='lat' dir='ltr'><strong>inservi·</strong></span> 
     </span>
    </p>
   </div>
   <div class='ocr_carea' id='block_1_8' title="bbox 174 2097 1329 2188">
    <p class='ocr_par' dir='ltr' id='par_1_8' title="bbox 174 2097 1329 2188">
     <span class='ocr_line' id='line_1_17' title="bbox 174 2097 1329 2188; baseline 0.004 -20"><span class='ocrx_word' id='word_1_111' title='bbox 174 2097 175 2109; x_wconf 48' lang='lat'>¹</span> <span class='ocrx_word' id='word_1_112' title='bbox 275 2111 386 2186; x_wconf 85' lang='lat' dir='ltr'><strong>ente,</strong></span> <span class='ocrx_word' id='word_1_113' title='bbox 405 2103 606 2169; x_wconf 85' lang='lat' dir='ltr'><strong>instructa.</strong></span> <span class='ocrx_word' id='word_1_114' title='bbox 637 2103 838 2188; x_wconf 82' lang='lat' dir='ltr'><strong>Peragitur</strong></span> <span class='ocrx_word' id='word_1_115' title='bbox 869 2111 997 2172; x_wconf 88' lang='lat' dir='ltr'><strong>autem</strong></span> <span class='ocrx_word' id='word_1_116' title='bbox 1020 2111 1242 2176; x_wconf 85' lang='lat' dir='ltr'><strong>masticatio</strong></span> <span class='ocrx_word' id='word_1_117' title='bbox 1274 2111 1329 2178; x_wconf 69' lang='lat' dir='ltr'><strong>in,</strong></span> 
     </span>
    </p>
   </div>
   <div class='ocr_carea' id='block_1_9' title="bbox 273 2205 1317 2401">
    <p class='ocr_par' dir='ltr' id='par_1_9' title="bbox 273 2205 1317 2401">
     <span class='ocr_line' id='line_1_18' title="bbox 273 2205 1317 2300; baseline 0.008 -28"><span class='ocrx_word' id='word_1_118' title='bbox 273 2206 402 2272; x_wconf 89' lang='lat' dir='ltr'><strong>minus</strong></span> <span class='ocrx_word' id='word_1_119' title='bbox 420 2205 600 2290; x_wconf 73' lang='lat' dir='ltr'><strong>perlectis</strong></span> <span class='ocrx_word' id='word_1_120' title='bbox 624 2205 859 2271; x_wconf 78' lang='lat' dir='ltr'><strong>animalibus</strong></span> <span class='ocrx_word' id='word_1_121' title='bbox 882 2209 1020 2276; x_wconf 86' lang='lat' dir='ltr'><strong>mediis</strong></span> <span class='ocrx_word' id='word_1_122' title='bbox 1044 2207 1317 2300; x_wconf 77' lang='lat' dir='ltr'><strong>sequentibuss</strong></span> 
     </span>
     <span class='ocr_line' id='line_1_19' title="bbox 276 2309 1315 2401; baseline 0.011 -27"><span class='ocrx_word' id='word_1_123' title='bbox 276 2312 315 2397; x_wconf 90' lang='lat'><strong>1)</strong></span> <span class='ocrx_word' id='word_1_124' title='bbox 337 2309 559 2400; x_wconf 64' lang='lat' dir='ltr'><strong>Rharynge‚</strong></span> <span class='ocrx_word' id='word_1_125' title='bbox 579 2315 767 2391; x_wconf 77' lang='lat' dir='ltr'><strong>apparatu</strong></span> <span class='ocrx_word' id='word_1_126' title='bbox 793 2313 1108 2393; x_wconf 78' lang='lat' dir='ltr'><strong>masticationem</strong></span> <span class='ocrx_word' id='word_1_127' title='bbox 1130 2337 1315 2401; x_wconf 58' lang='lat' dir='ltr'><strong>per-agen*</strong></span> 
     </span>
    </p>
   </div>
   <div class='ocr_carea' id='block_1_10' title="bbox 272 2411 1430 2506">
    <p class='ocr_par' dir='ltr' id='par_1_10' title="bbox 272 2411 1430 2506">
     <span class='ocr_line' id='line_1_20' title="bbox 272 2411 1430 2506; baseline 0.009 -30"><span class='ocrx_word' id='word_1_128' title='bbox 272 2415 311 2476; x_wconf 82' lang='lat' dir='ltr'><strong>te</strong></span> <span class='ocrx_word' id='word_1_129' title='bbox 343 2411 553 2486; x_wconf 86' lang='lat' dir='ltr'><strong>instructo,</strong></span> <span class='ocrx_word' id='word_1_130' title='bbox 575 2417 618 2474; x_wconf 87' lang='lat' dir='ltr'><strong>ut</strong></span> <span class='ocrx_word' id='word_1_131' title='bbox 648 2411 688 2474; x_wconf 92' lang='lat' dir='ltr'><strong>in</strong></span> <span class='ocrx_word' id='word_1_132' title='bbox 717 2411 886 2494; x_wconf 87' lang='lat' dir='ltr'><strong>piscibus</strong></span> <span class='ocrx_word' id='word_1_133' title='bbox 915 2419 1113 2482; x_wconf 88' lang='lat' dir='ltr'><strong>nonnullis</strong></span> <span class='ocrx_word' id='word_1_134' title='bbox 1149 2421 1210 2506; x_wconf 91' lang='lat' dir='ltr'><strong>(in</strong></span> <span class='ocrx_word' id='word_1_135' title='bbox 1234 2443 1315 2486; x_wconf 83' lang='lat' dir='ltr'><strong>cer·</strong></span> <span class='ocrx_word' id='word_1_136' title='bbox 1429 2433 1430 2456; x_wconf 67' lang='lat'>¹</span> 
     </span>
    </p>
   </div>
   <div class='ocr_carea' id='block_1_11' title="bbox 191 2514 1396 3328">
    <p class='ocr_par' dir='ltr' id='par_1_11' title="bbox 191 2514 1396 3328">
     <span class='ocr_line' id='line_1_21' title="bbox 272 2514 1396 2610; baseline 0.013 -34"><span class='ocrx_word' id='word_1_137' title='bbox 272 2514 387 2598; x_wconf 85' lang='lat' dir='ltr'><strong>plone</strong></span> <span class='ocrx_word' id='word_1_138' title='bbox 409 2535 445 2578; x_wconf 80' lang='lat' dir='ltr'><strong>v.</strong></span> <span class='ocrx_word' id='word_1_139' title='bbox 466 2517 523 2600; x_wconf 81' lang='lat' dir='ltr'><strong>g.)</strong></span> <span class='ocrx_word' id='word_1_140' title='bbox 549 2533 626 2578; x_wconf 85' lang='lat' dir='ltr'><strong>esse</strong></span> <span class='ocrx_word' id='word_1_141' title='bbox 646 2514 766 2592; x_wconf 89' lang='lat' dir='ltr'><strong>solet,</strong></span> <span class='ocrx_word' id='word_1_142' title='bbox 788 2517 852 2602; x_wconf 93' lang='lat' dir='ltr'><strong>qui</strong></span> <span class='ocrx_word' id='word_1_143' title='bbox 871 2537 956 2584; x_wconf 91' lang='lat' dir='ltr'><strong>ossa</strong></span> <span class='ocrx_word' id='word_1_144' title='bbox 977 2523 1122 2586; x_wconf 88' lang='lat' dir='ltr'><strong>habent</strong></span> <span class='ocrx_word' id='word_1_145' title='bbox 1144 2525 1314 2610; x_wconf 68' lang='lat' dir='ltr'><strong>pharyn⁴</strong></span> <span class='ocrx_word' id='word_1_146' title='bbox 1392 2561 1396 2570; x_wconf 91' lang='lat'><strong>·</strong></span> 
     </span>
     <span class='ocr_line' id='line_1_22' title="bbox 247 2615 1312 2712; baseline 0.011 -32"><span class='ocrx_word' id='word_1_147' title='bbox 247 2633 363 2706; x_wconf 15' lang='lat' dir='ltr'><strong>¹lyges,</strong></span> <span class='ocrx_word' id='word_1_148' title='bbox 390 2615 569 2681; x_wconf 87' lang='lat' dir='ltr'><strong>dentibus</strong></span> <span class='ocrx_word' id='word_1_149' title='bbox 596 2617 760 2682; x_wconf 82' lang='lat' dir='ltr'><strong>obsessa.</strong></span> <span class='ocrx_word' id='word_1_150' title='bbox 796 2620 837 2706; x_wconf 82' lang='lat'><strong>2)</strong></span> <span class='ocrx_word' id='word_1_151' title='bbox 864 2623 1083 2690; x_wconf 79' lang='lat' dir='ltr'><strong>ventriculo</strong></span> <span class='ocrx_word' id='word_1_152' title='bbox 1113 2625 1312 2712; x_wconf 73' lang='lat' dir='ltr'><strong>cartilagi-</strong></span> 
     </span>
     <span class='ocr_line' id='line_1_23' title="bbox 271 2715 1311 2810; baseline 0.009 -24"><span class='ocrx_word' id='word_1_153' title='bbox 271 2743 365 2797; x_wconf 82' lang='lat' dir='ltr'><strong>neo‚</strong></span> <span class='ocrx_word' id='word_1_154' title='bbox 387 2721 455 2810; x_wconf 91' lang='lat' dir='ltr'><strong>qui</strong></span> <span class='ocrx_word' id='word_1_155' title='bbox 475 2715 637 2786; x_wconf 73' lang='lat' dir='ltr'><strong>alteinis</strong></span> <span class='ocrx_word' id='word_1_156' title='bbox 657 2723 987 2789; x_wconf 85' lang='lat' dir='ltr'><strong>contractionibus</strong></span> <span class='ocrx_word' id='word_1_157' title='bbox 1008 2733 1045 2790; x_wconf 83' lang='lat' dir='ltr'><strong>et</strong></span> <span class='ocrx_word' id='word_1_158' title='bbox 1066 2721 1311 2794; x_wconf 82' lang='lat' dir='ltr'><strong>dilatationi·</strong></span> 
     </span>
     <span class='ocr_line' id='line_1_24' title="bbox 269 2825 1311 2916; baseline 0.006 -26"><span class='ocrx_word' id='word_1_159' title='bbox 269 2825 340 2890; x_wconf 86' lang='lat' dir='ltr'><strong>bus</strong></span> <span class='ocrx_word' id='word_1_160' title='bbox 361 2828 554 2912; x_wconf 80' lang='lat' dir='ltr'><strong>ingestum</strong></span> <span class='ocrx_word' id='word_1_161' title='bbox 574 2825 806 2889; x_wconf 89' lang='lat' dir='ltr'><strong>comminuit</strong></span> <span class='ocrx_word' id='word_1_162' title='bbox 827 2826 969 2890; x_wconf 88' lang='lat' dir='ltr'><strong>cibum.</strong></span> <span class='ocrx_word' id='word_1_163' title='bbox 994 2830 1211 2906; x_wconf 78' lang='lat' dir='ltr'><strong>occurritis</strong></span> <span class='ocrx_word' id='word_1_164' title='bbox 1225 2836 1311 2916; x_wconf 90' lang='lat' dir='ltr'><strong>plu-</strong></span> 
     </span>
     <span class='ocr_line' id='line_1_25' title="bbox 270 2927 1311 3011; baseline 0.008 -17"><span class='ocrx_word' id='word_1_165' title='bbox 270 2929 412 2994; x_wconf 90' lang='lat' dir='ltr'><strong>rimum</strong></span> <span class='ocrx_word' id='word_1_166' title='bbox 436 2927 536 3011; x_wconf 89' lang='lat' dir='ltr'><strong>apud</strong></span> <span class='ocrx_word' id='word_1_167' title='bbox 555 2949 662 3002; x_wconf 86' lang='lat' dir='ltr'><strong>aves,</strong></span> <span class='ocrx_word' id='word_1_168' title='bbox 686 2945 780 3011; x_wconf 88' lang='lat' dir='ltr'><strong>quae</strong></span> <span class='ocrx_word' id='word_1_169' title='bbox 800 2930 929 3010; x_wconf 80' lang='lat' dir='ltr'><strong>granis</strong></span> <span class='ocrx_word' id='word_1_170' title='bbox 959 2939 1165 2998; x_wconf 84' lang='lat' dir='ltr'><strong>vescuntur</strong></span> <span class='ocrx_word' id='word_1_171' title='bbox 1192 2942 1229 3000; x_wconf 89' lang='lat' dir='ltr'><strong>et</strong></span> <span class='ocrx_word' id='word_1_172' title='bbox 1250 2937 1311 3002; x_wconf 87' lang='lat' dir='ltr'><strong>in·</strong></span> 
     </span>
     <span class='ocr_line' id='line_1_26' title="bbox 191 3029 1311 3122; baseline 0.009 -27"><span class='ocrx_word' id='word_1_173' title='bbox 191 3090 195 3110; x_wconf 77' lang='grc'>,</span> <span class='ocrx_word' id='word_1_174' title='bbox 268 3031 436 3106; x_wconf 84' lang='lat' dir='ltr'><strong>sectis,</strong></span> <span class='ocrx_word' id='word_1_175' title='bbox 425 3053 466 3094; x_wconf 89' lang='lat' dir='ltr'><strong>1n</strong></span> <span class='ocrx_word' id='word_1_176' title='bbox 487 3029 771 3105; x_wconf 78' lang='lat' dir='ltr'><strong>Crocodilo,1n</strong></span> <span class='ocrx_word' id='word_1_177' title='bbox 794 3033 989 3099; x_wconf 86' lang='lat' dir='ltr'><strong>molluscis</strong></span> <span class='ocrx_word' id='word_1_178' title='bbox 1012 3035 1239 3122; x_wconf 85' lang='lat' dir='ltr'><strong>quibusdam</strong></span> <span class='ocrx_word' id='word_1_179' title='bbox 1271 3045 1311 3107; x_wconf 88' lang='lat' dir='ltr'><strong>et</strong></span> 
     </span>
     <span class='ocr_line' id='line_1_27' title="bbox 268 3131 1307 3227; baseline 0.008 -27"><span class='ocrx_word' id='word_1_180' title='bbox 268 3131 485 3208; x_wconf 64' lang='lat' dir='ltr'><strong>termibusc</strong></span> <span class='ocrx_word' id='word_1_181' title='bbox 506 3133 607 3197; x_wconf 89' lang='lat' dir='ltr'><strong>inter</strong></span> <span class='ocrx_word' id='word_1_182' title='bbox 631 3135 859 3200; x_wconf 85' lang='lat' dir='ltr'><strong>mammalia</strong></span> <span class='ocrx_word' id='word_1_183' title='bbox 881 3138 1005 3204; x_wconf 84' lang='lat' dir='ltr'><strong>Manis</strong></span> <span class='ocrx_word' id='word_1_184' title='bbox 1029 3139 1307 3227; x_wconf 82' lang='lat' dir='ltr'><strong>pentadectyla</strong></span> 
     </span>
     <span class='ocr_line' id='line_1_28' title="bbox 270 3217 1363 3328; baseline 0.005 -24"><span class='ocrx_word' id='word_1_185' title='bbox 270 3240 343 3305; x_wconf 84' lang='lat' dir='ltr'><strong>tali</strong></span> <span class='ocrx_word' id='word_1_186' title='bbox 362 3237 501 3324; x_wconf 78' lang='lat' dir='ltr'><strong>gaudet</strong></span> <span class='ocrx_word' id='word_1_187' title='bbox 522 3217 751 3301; x_wconf 81' lang='lat' dir='ltr'><strong>ventriculo.</strong></span> <span class='ocrx_word' id='word_1_188' title='bbox 782 3239 825 3324; x_wconf 79' lang='lat'><strong>3)</strong></span> <span class='ocrx_word' id='word_1_189' title='bbox 850 3240 1021 3328; x_wconf 90' lang='lat' dir='ltr'><strong>Denique</strong></span> <span class='ocrx_word' id='word_1_190' title='bbox 1050 3245 1246 3326; x_wconf 89' lang='lat' dir='ltr'><strong>possident</strong></span> <span class='ocrx_word' id='word_1_191' title='bbox 1267 3269 1309 3310; x_wconf 84' lang='lat' dir='ltr'><strong>a·</strong></span> <span class='ocrx_word' id='word_1_192' title='bbox 1360 3287 1363 3296; x_wconf 41' lang='grc' dir='ltr'><strong><em>ι</em></strong></span> 
     </span>
    </p>
   </div>
   <div class='ocr_carea' id='block_1_12' title="bbox 172 3339 1303 3426">
    <p class='ocr_par' dir='ltr' id='par_1_12' title="bbox 172 3339 1303 3426">
     <span class='ocr_line' id='line_1_29' title="bbox 172 3339 1303 3426; baseline 0.004 -18"><span class='ocrx_word' id='word_1_193' title='bbox 172 3412 176 3426; x_wconf 60' lang='lat'>‚</span> <span class='ocrx_word' id='word_1_194' title='bbox 231 3355 234 3366; x_wconf 85' lang='grc'><strong>’</strong></span> <span class='ocrx_word' id='word_1_195' title='bbox 270 3344 347 3408; x_wconf 87' lang='lat' dir='ltr'><strong>liae</strong></span> <span class='ocrx_word' id='word_1_196' title='bbox 388 3339 620 3406; x_wconf 86' lang='lat' dir='ltr'><strong>animalium</strong></span> <span class='ocrx_word' id='word_1_197' title='bbox 650 3341 791 3423; x_wconf 87' lang='lat' dir='ltr'><strong>species</strong></span> <span class='ocrx_word' id='word_1_198' title='bbox 822 3346 1081 3408; x_wconf 87' lang='lat' dir='ltr'><strong>ventriculum</strong></span> <span class='ocrx_word' id='word_1_199' title='bbox 1124 3347 1303 3414; x_wconf 83' lang='lat' dir='ltr'><strong>dentibus</strong></span> 
     </span>
    </p>
   </div>
   <div class='ocr_carea' id='block_1_13' title="bbox 210 3439 1306 3732">
    <p class='ocr_par' dir='ltr' id='par_1_13' title="bbox 210 3439 1306 3732">
     <span class='ocr_line' id='line_1_30' title="bbox 249 3439 1306 3527; baseline -0.025 24"><span class='ocrx_word' id='word_1_200' title='bbox 249 3445 519 3516; x_wconf 57' lang='lat' dir='ltr'><strong>&#39;¹¹¹⁸tfu‘3ium’</strong></span> <span class='ocrx_word' id='word_1_201' title='bbox 543 3461 615 3527; x_wconf 79' lang='lat'>‘1¹10</span> <span class='ocrx_word' id='word_1_202' title='bbox 637 3439 867 3525; x_wconf 78' lang='lat' dir='ltr'><strong>deglutitum</strong></span> <span class='ocrx_word' id='word_1_203' title='bbox 887 3445 1152 3512; x_wconf 74' lang='lat' dir='ltr'><strong>comminuunt</strong></span> <span class='ocrx_word' id='word_1_204' title='bbox 1164 3449 1306 3526; x_wconf 71' lang='lat' dir='ltr'><strong>erbum,</strong></span> 
     </span>
     <span class='ocr_line' id='line_1_31' title="bbox 266 3543 1305 3628; baseline -0.035 -13"><span class='ocrx_word' id='word_1_205' title='bbox 266 3555 310 3614; x_wconf 91' lang='lat' dir='ltr'><strong>ut</strong></span> <span class='ocrx_word' id='word_1_206' title='bbox 334 3551 375 3612; x_wconf 91' lang='lat' dir='ltr'><strong>in</strong></span> <span class='ocrx_word' id='word_1_207' title='bbox 405 3543 583 3628; x_wconf 87' lang='lat' dir='ltr'><strong>plurimis</strong></span> <span class='ocrx_word' id='word_1_208' title='bbox 602 3545 803 3610; x_wconf 86' lang='lat' dir='ltr'><strong>crusteceis</strong></span> <span class='ocrx_word' id='word_1_209' title='bbox 815 3590 827 3624; x_wconf 92' lang='lat'><strong>,</strong></span> <span class='ocrx_word' id='word_1_210' title='bbox 847 3547 1004 3616; x_wconf 80' lang='lat' dir='ltr'><strong>insectis</strong></span> <span class='ocrx_word' id='word_1_211' title='bbox 1014 3589 1026 3626; x_wconf 90' lang='lat'><strong>,</strong></span> <span class='ocrx_word' id='word_1_212' title='bbox 1047 3551 1242 3618; x_wconf 64' lang='lat' dir='ltr'><strong>mollescis</strong></span> <span class='ocrx_word' id='word_1_213' title='bbox 1266 3559 1305 3620; x_wconf 58' lang='lat' dir='ltr'><strong>et</strong></span> 
     </span>
     <span class='ocr_line' id='line_1_32' title="bbox 210 3635 774 3732; baseline -0.062 -1"><span class='ocrx_word' id='word_1_214' title='bbox 210 3723 212 3731; x_wconf 93' lang='lat'><em>.</em></span> <span class='ocrx_word' id='word_1_215' title='bbox 266 3649 463 3718; x_wconf 84' lang='lat' dir='ltr'><strong>vermibus</strong></span> <span class='ocrx_word' id='word_1_216' title='bbox 484 3635 563 3708; x_wconf 89' lang='lat' dir='ltr'><strong>&#39;esse</strong></span> <span class='ocrx_word' id='word_1_217' title='bbox 582 3646 680 3708; x_wconf 88' lang='lat' dir='ltr'><strong>solet</strong></span> <span class='ocrx_word' id='word_1_218' title='bbox 699 3647 774 3732; x_wconf 59' lang='lat' dir='ltr'><strong>ss)</strong></span> 
     </span>
    </p>
   </div>
   <div class='ocr_carea' id='block_1_14' title="bbox 334 3807 1304 3976">
    <p class='ocr_par' dir='ltr' id='par_1_14' title="bbox 334 3807 1304 3976">
     <span class='ocr_line' id='line_1_33' title="bbox 368 3807 1304 3892; baseline 0.009 -24.141"><span class='ocrx_word' id='word_1_219' title='bbox 368 3817 396 3882; x_wconf 82' lang='lat'><strong>⁰)</strong></span> <span class='ocrx_word' id='word_1_220' title='bbox 422 3810 560 3868; x_wconf 73' lang='lat' dir='ltr'><strong>Annslen</strong></span> <span class='ocrx_word' id='word_1_221' title='bbox 587 3807 616 3864; x_wconf 85' lang='lat' dir='ltr'><strong>d.</strong></span> <span class='ocrx_word' id='word_1_222' title='bbox 640 3809 902 3868; x_wconf 78' lang='lat' dir='ltr'><strong>Wettersuisobcn</strong></span> <span class='ocrx_word' id='word_1_223' title='bbox 922 3811 1168 3872; x_wconf 77' lang='lat' dir='ltr'><strong>Gesellscbusts.</strong></span> <span class='ocrx_word' id='word_1_224' title='bbox 1200 3816 1229 3872; x_wconf 88' lang='lat' dir='ltr'><strong>d</strong></span> <span class='ocrx_word' id='word_1_225' title='bbox 1244 3833 1304 3892; x_wconf 54' lang='grc' dir='ltr'><strong>’με</strong></span> 
     </span>
     <span class='ocr_line' id='line_1_34' title="bbox 334 3899 1006 3976; baseline 0.003 -22"><span class='ocrx_word' id='word_1_226' title='bbox 334 3899 675 3960; x_wconf 72' lang='lat' dir='ltr'><strong>ammtellaturlunde.</strong></span> <span class='ocrx_word' id='word_1_227' title='bbox 692 3902 747 3954; x_wconf 89' lang='lat' dir='ltr'><strong>Bd.</strong></span> <span class='ocrx_word' id='word_1_228' title='bbox 767 3899 819 3956; x_wconf 90' lang='lat'>111.</span> <span class='ocrx_word' id='word_1_229' title='bbox 835 3920 865 3974; x_wconf 85' lang='lat' dir='ltr'><strong>p.</strong></span> <span class='ocrx_word' id='word_1_230' title='bbox 885 3910 945 3972; x_wconf 67' lang='lat' dir='ltr'><strong>rip.</strong></span> <span class='ocrx_word' id='word_1_231' title='bbox 960 3919 1006 3976; x_wconf 80' lang='lat' dir='ltr'><strong>sq.</strong></span> 
     </span>
    </p>
   </div>
   <div class='ocr_carea' id='block_1_15' title="bbox 331 4025 1301 4196">
    <p class='ocr_par' dir='ltr' id='par_1_15' title="bbox 331 4025 1301 4196">
     <span class='ocr_line' id='line_1_35' title="bbox 368 4025 1301 4105; baseline 0.009 -25.377"><span class='ocrx_word' id='word_1_232' title='bbox 368 4025 698 4095; x_wconf 53' lang='lat' dir='ltr'><strong>winitmundus.</strong></span> <span class='ocrx_word' id='word_1_233' title='bbox 716 4027 862 4102; x_wconf 81' lang='lat' dir='ltr'><strong>Biologie.</strong></span> <span class='ocrx_word' id='word_1_234' title='bbox 887 4029 936 4084; x_wconf 80' lang='lat' dir='ltr'><strong>lv.</strong></span> <span class='ocrx_word' id='word_1_235' title='bbox 961 4051 991 4104; x_wconf 95' lang='lat' dir='ltr'><strong>p</strong></span> <span class='ocrx_word' id='word_1_236' title='bbox 1011 4035 1160 4105; x_wconf 73' lang='lat' dir='ltr'><strong>dci-318.</strong></span> <span class='ocrx_word' id='word_1_237' title='bbox 1179 4057 1214 4086; x_wconf 65' lang='lat' dir='ltr'><strong>-s</strong></span> <span class='ocrx_word' id='word_1_238' title='bbox 1235 4025 1301 4096; x_wconf 76' lang='lat' dir='ltr'><strong>ci).</strong></span> 
     </span>
     <span class='ocr_line' id='line_1_36' title="bbox 331 4113 1019 4196; baseline 0.006 -24"><span class='ocrx_word' id='word_1_239' title='bbox 331 4113 453 4180; x_wconf 74' lang='lat' dir='ltr'><strong>vicus</strong></span> <span class='ocrx_word' id='word_1_240' title='bbox 470 4114 565 4196; x_wconf 73' lang='lat' dir='ltr'><strong>vergi.</strong></span> <span class='ocrx_word' id='word_1_241' title='bbox 585 4116 751 4182; x_wconf 67' lang='lat' dir='ltr'><strong>anatomia.</strong></span> <span class='ocrx_word' id='word_1_242' title='bbox 767 4118 818 4174; x_wconf 89' lang='lat'>111.</span> <span class='ocrx_word' id='word_1_243' title='bbox 837 4137 870 4196; x_wconf 89' lang='lat' dir='ltr'><strong>p.</strong></span> <span class='ocrx_word' id='word_1_244' title='bbox 885 4133 1019 4186; x_wconf 75' lang='lat'><strong>11-220,</strong></span> 
     </span>
    </p>
   </div>
   <div class='ocr_carea' id='block_1_16' title="bbox 0 0 1450 5004">
    <p class='ocr_par' dir='ltr' id='par_1_16' title="bbox 0 0 1450 5004">
     <span class='ocr_line' id='line_1_37' title="bbox 0 0 1450 5004; baseline 0 7"><span class='ocrx_word' id='word_1_245' title='bbox 0 0 1450 5004; x_wconf 95' lang='lat' dir='ltr'><strong> </strong></span> 
     </span>
    </p>
   </div>
  </div>
 </body>
</html>
