2956 4996
254 331 264 360 0

230 383 691 460 secr.11.l)rarsr1nsr.
712 401 826 454 uouo
848 401 899 456 rr
913 403 1123 459 rsauuou.
1165 395 1230 478 ⁵⁶3

295 533 580 638 nuntszntsem
597 533 649 588 uh.
666 533 698 599 (l
716 532 859 588 Structur
878 543 937 590 ele.
953 551 985 608 p.
1000 535 1049 604 484

289 671 320 740 g)
338 665 426 724 Gonl.
448 647 743 720 BLUMENBACHH
762 659 863 726 Inetit
885 661 971 740 phys.
996 663 1069 722 edit.
1098 673 1169 723 tert
1194 665 1227 740 §s

259 771 321 827 131.

631 955 663 1026 §-
704 966 783 1032 33⁰·

190 1154 411 1225 Mutatio
442 1153 733 1238 pulmonum
765 1149 824 1214 ab
855 1150 1228 1261 inspiratione.

272 1314 443 1382 Adducto
464 1315 507 1380 in
536 1315 738 1398 pulmones
760 1315 847 1380 a'e're
868 1313 882 1398 (
894 1319 923 1392 ς.
946 1321 1019 1396 398.
1035 1317 1074 1396 ),
1096 1335 1229 1398 aspera

188 1428 333 1492 arteria
352 1445 439 1490 cum
461 1425 738 1490 bracchiorum
762 1426 881 1488 ramis
900 1429 938 1488 et
956 1425 1103 1490 cellulis
1123 1427 1229 1490 eire-

189 1529 222 1594 is
253 1549 320 1612 per
350 1547 503 1592 omnem
546 1527 828 1594 dimensionem
862 1525 1077 1592 dilatantur
1097 1549 1108 1607 ;
1129 1549 1231 1594 rece·

189 1631 287 1698 dunt
311 1632 446 1696 annuli
479 1632 725 1716 cartilaginei
745 1651 769 1694 a
795 1651 834 1694 se
856 1631 1045 1708 invicem,
1065 1639 1102 1698 et
1130 1635 1228 1698 dila-

188 1741 295 1804 tatur
313 1738 430 1802 simul
452 1757 607 1820 asperae
630 1736 797 1802 arteriae
826 1737 1244 1822 membranaceo-mun

189 1841 342 1904 oculosa
371 1861 480 1924 pare,
506 1841 647 1906 laxatis
677 1858 779 1904 nunc
802 1837 915 1902 fibris
945 1841 1229 1907 muscularibus

189 1947 444 2032 pulmonum,
474 1963 570 2030 quae
610 1945 910 2032 cummusculis
943 1946 1131 2022 externis,
1161 1946 1228 2010 ada·

188 2049 445 2134 spirationem
464 2047 676 2132 plurimum
698 2047 1015 2130 perficientibus,
1032 2045 1074 2112 in
1093 2069 1228 2134 perpe·

187 2161 256 2220 tuo
276 2161 367 2220 sunt
391 2156 671 2238 antagonismo.
693 2151 905 2238 Turgentes
925 2151 1048 2218 ‘modo
1069 2155 1230 2220 cellulae

187 2259 321 2322 aereae
337 2256 528 2342 efficiunt,
550 2262 594 2318 ut
612 2255 736 2320 lobuli
753 2257 982 2340 pulmonum
1003 2276 1026 2319 e
1046 2277 1085 2322 se
1105 2258 1230 2342 magis

160 2359 388 2456 pecedant,
410 2358 612 2442 omnisque
633 2359 772 2424 horum
791 2359 985 2424 viscerum
1008 2359 1228 2425 substantie

180 2468 272 2552 plus
291 2465 480 2550 rigescat,
499 2469 537 2529 et
556 2483 732 2548 spumam
754 2463 862 2550 quasi
883 2466 1027 2534 referat
1046 2487 1090 2529 ex
1110 2466 1230 2530 rubro

186 2572 456 2636 albescentem
479 2571 706 2632 Antrorsum
730 2573 859 2632 autem
877 2563 916 2632 et
938 2567 1135 2644 deorsum,
1159 2567 1229 2634 ubi

185 2674 327 2738 thorax
346 2671 513 2736 maxime
531 2673 763 2754 ampliatur,
778 2663 980 2755 pulmones
1001 2673 1123 2736 multo
1146 2692 1228 2738 ma-

185 2777 242 2864 gis
265 2779 352 2841 aere
372 2781 618 2854 tumescunt,
640 2794 757 2861 quam
783 2776 997 2859 posteriore
1020 2783 1058 2840 et
1078 2777 1227 2861 superi·

186 2900 251 2946 ore
271 2885 404 2963 parte;
426 2877 514 2942 inde
545 2879 663 2942 etiam
694 2885 773 2956 est,
796 2878 894 2964 quod
926 2877 984 2942 ibi
1013 2879 1226 2965 frequenti·

185 3003 268 3054 ores
297 2983 378 3048 sint
404 2980 757 3056 inflammationes,
780 2970 1059 3058 concretiones}
1083 3001 1227 3066 suppu-

185 3083 356 3174 rationes
380 3088 451 3150 etc.
482 3083 688 3172 Accipiunt
715 3083 831 3148 simul
856 3085 1057 3166 pulmones
1089 3083 1137 3146 ab
1160 3081 1228 3147 ad·

184 3185 332 3270 spicato
354 3187 442 3249 ae're
461 3185 697 3268 peculiarem
717 3187 927 3252 raritatem·
945 3190 983 3250 et
1002 3185 1226 3262 levitatem,

109 3305 112 3314 ·
184 3294 230 3354 ut
260 3285 377 3364 adeo,
407 3293 493 3371 post
515 3287 670 3358 unicam
709 3289 829 3358 eiiam
859 3287 1179 3371 inspirationem,
1200 3309 1226 3354 a

185 3391 453 3462 remanente
443 3411 483 3453 rn
505 3389 652 3454 cellulis
684 3391 792 3469 ae‘re,
821 3391 949 3459 foetus
969 3393 1112 3473 pulmo
1132 3391 1223 3456 den·
1291 3395 1304 3420 '

185 3513 268 3566 eam
290 3493 457 3578 deponat
477 3501 685 3578 naturam
704 3503 741 3561 et
761 3496 826 3583 qui
846 3516 946 3580 aqua
968 3498 1077 3581 prius
1094 3499 1224 3585 gravi·

185 3619 229 3664 or
248 3605 357 3678 erat,
378 3598 521 3706 modo'
511 3619 553 3662 rn
573 3619 617 3663 eo
639 3599 788 3685 liquido
811 3605 919 3666 natat
942 3601 996 3688 *)

266 3760 429 3828 Maximi
443 3765 573 3842 autem
584 3761 774 3825 momenti
795 3783 839 3826 aa
855 3767 911 3827 est
926 3760 1112 3838 mutatio,
1126 3779 1226 3848 quae

183 3863 226 3930 in
256 3864 357 3928 vasis
380 3863 610 3946 sanguiferis'
637 3863 866 3948 pulmonum
894 3865 1097 3950 contingit.
1130 3867 1226 3930 Cum

182 3985 320 4050 nempe
348 3968 537 4050 vesiculae
568 3969 703 4034 aereae
736 3978 773 4034 et
804 3971 1080 4036 bronchiorum
1109 3969 1221 4036 didu-

182 4077 320 4135 cuntur
342 4071 507 4144 surculi‚
530 4092 623 4136 vasa
640 4073 875 4157 sanguinea,
896 4076 1052 4158 publica
1074 4077 1225 4156 praeci.

181 4193 253 4258 pue
281 4176 531 4256 pulmonum,
556 4195 643 4240 cum
671 4177 948 4244 bronchiorum
974 4176 1093 4244 ramis
1117 4180 1228 4249 incea.

178 4277 313 4344 dantia
323 4323 335 4362 ‚
357 4284 394 4344 et
413 4277 576 4346 reticula
596 4281 823 4364 capillaria,
842 4303 935 4349 vasa
953 4280 1068 4351 cirea
1085 4291 1123 4352 et
1143 4287 1219 4355 cel·
