2956 4996
261 358 324 425 266
409 357 495 422 Lm.
515 353 542 418 Ι.
561 309 650 418 m
672 352 734 418 111.
764 353 822 416 Dr
845 307 1163 417 arsrrnsrronn.

264 507 395 566 autem
415 501 565 564 virihu's
589 491 632 564 in
651 499 743 562 vivo
762 497 925 562 animali
950 497 1156 582 respiratio
1191 498 1325 580 subji-

261 605 363 669 citur
377 603 628 686 :percipimus
650 602 754 681 enim
774 600 852 683 ejus
872 602 1153 678 necessitatem,
1166 609 1204 666 et
1224 624 1326 686 pos-

262 723 392 770 sumus
414 723 497 766 eam
520 704 753 777 accelerare,
786 701 1005 778 retardare,
1028 703 1227 782 cohibere,
1246 727 1322 768 va-

183 841 188 848 ·
263 811 399 893 riaque
422 807 596 880 ratione,
617 811 660 869 ut
693 806 847 870 animus
873 805 1062 888 imperat,
1085 809 1321 874 modificare

264 913 323 1000 a).
346 908 543 994 Adspirati
574 910 673 980 eiiris
703 909 910 985 stimulus,
933 909 1051 974 fibrae
1078 913 1318 978 musculares

258 1004 542 1099 ‚br'onchiorum
571 1009 650 1092 (55.
682 1027 757 1092 321.
788 1009 895 1095 325.)
929 1011 1125 1089 irritans,
1162 1014 1317 1094 praeci-

264 1135 381 1200 puam
415 1115 620 1178 constituit
649 1113 920 1198 exspirationis
953 1134 1129 1194 causam3
1161 1124 1320 1181 contra-

263 1217 410 1281 huntur
423 1216 513 1280 hinc
536 1235 626 1278 vasa
639 1217 750 1282 aiirea
761 1237 827 1298 per
846 1235 998 1279 omnem
1014 1217 1313 1300 dimensionem,

264 1319 532 1404 expelluntque
551 1326 702 1400 partem
734 1319 833 1382 airis
858 1321 965 1402 prius
988 1319 1190 1402 inspirati,
1211 1323 1316 1406 quod

264 1427 376 1502 tanto
397 1423 553 1488 facilius
575 1441 756 1510 peragere
776 1423 931 1498 valent,
950 1444 1034 1486 eum
1055 1425 1317 1512 diaphragma

266 1525 459 1610 ceterique
492 1528 662 1605 thoracis
687 1527 872 1601 musculi,
888 1526 966 1594 nisi
997 1530 1214 1598 voluntatis
1238 1532 1315 1594 im·

265 1614 374 1712 p'ario
406 1630 595 1691 contracti
627 1628 773 1692 diutius
803 1635 1032 1706 serventur,
1063 1630 1104 1696 in
1138 1633 1314 1697 relaxato

267 1736 352 1794 tum
373 1732 539 1794 existant
562 1737 685 1811 statu,
709 1735 746 1795 et
765 1732 891 1816 ipsum
911 1731 1084 1820 thoracis
1106 1745 1241 1796 cavum
1263 1733 1314 1798 ad

267 1836 479 1917 pristinum
513 1838 639 1900 redire
674 1839 806 1900 sinant
832 1838 1026 1900 volumen.
1059 1835 1123 1898 His
1158 1837 1314 1902 adsedit

267 1936 468 2020 sanguinis
489 1937 531 1999 in
550 1937 796 2019 pulmonibus
830 1937 1017 2000 cumulati
1053 1937 1252 2017 stimulus,
1273 1956 1315 2000 a·

268 2061 401 2123 sperae
422 2042 586 2104 arteriae
600 2043 899 2107 contractionem
911 2040 1071 2122 perinde
1084 2040 1314 2102 sollicitans.

270 2144 403 2230 Magni
440 2151 638 2227 praeterea
678 2145 867 2208 momenti
902 2149 960 2208 est
999 2143 1315 2227 antagonismus,

265 2247 342 2332 'qui
364 2248 465 2312 inter
488 2251 683 2316 musculos,
704 2248 961 2330 adspirationi
993 2248 1246 2312 inservientes
1275 2253 1314 2311 et

182 2429 187 2442 ¹
270 2368 354 2422 eos,
379 2350 515 2436 quibus
535 2353 742 2433 respiratio
765 2349 970 2434 adjuvatur
983 2393 993 2426 ,
1017 2351 1184 2424 obtinet,
1204 2353 1316 2435 Viget

271 2451 375 2516 enim
397 2451 438 2512 in
459 2453 623 2514 animali
659 2459 816 2535 corpore
839 2475 882 2515 ea
898 2444 1052 2537 'ubique
1074 2456 1156 2526 lex,
1177 2457 1221 2514 ut
1244 2453 1314 2516 fle·

271 2573 406 2618 norum
427 2557 463 2615 et
483 2558 727 2616 extensorum
749 2555 850 2634 actio
871 2561 1054 2636 perpetue
1073 2575 1111 2616 se
1132 2554 1313 2638 excipiat,

274 2657 376 2742 quod
396 2657 492 2720 alibi
522 2654 747 2740 diligentius
777 2678 1017 2741 exponemus.
1051 2658 1225 2741 Denique
1250 2679 1313 2722 ac-

272 2759 376 2824 eedit
414 2761 722 2824 conservationis
752 2763 834 2836 lex',
860 2781 954 2845 quae
993 2781 1059 2844 per
1090 2751 1314 2842 corporeum

273 2871 310 2930 et
330 2865 540 2928 animalem
561 2854 742 2947 operatur
771 2885 944 2940 sensum,
968 2883 1194 2949 omnemque
1224 2865 1315 2928 fun-

274 2971 446 3038 ctionum
475 2970 576 3051 regit
606 2968 794 3033 ord-inem.
834 2971 934 3032 Dum
962 2967 1081 3053 igitur
1113 2969 1315 3050 pulmones

270 3079 468 3158 protracta
491 3072 748 3154 inspiratione
766 3071 951 3156 sanguine
970 3077 1126 3155 turgent
1139 3073 1191 3152 (5.
1204 3072 1314 3156 330.),

273 3179 413 3243 humor
442 3177 544 3240 idem
568 3178 655 3259 pari
682 3179 862 3260 portione
882 3199 957 3262 per
972 3179 1313 3259 venas'pulmona·

275 3285 328 3345 las
358 3281 408 3344 ad*
437 3301 501 3344 cor
530 3281 733 3345 sinistrum
770 3280 894 3345 redire
933 3282 1092 3365 nequit3
1118 3279 1218 3346 unde
1248 3297 1312 3344 cor

197 3439 200 3445 .
275 3386 482 3460 dextrum,
507 3387 748 3468 pulmonates
786 3393 824 3452 et
857 3388 958 3468 aliae
989 3385 1157 3468 corporis
1190 3399 1310 3446 venae

275 3488 350 3560 rite
369 3487 516 3550 inaniri
529 3487 630 3552 haud
650 3495 832 3570 possunt,
855 3490 977 3552 facies
997 3491 1124 3570 turget
1136 3526 1156 3560 ,,
1168 3488 1311 3566 ipsum·

275 3609 347 3676 que
368 3589 585 3668 cerebrum,
606 3579 790 3672 sanguine
809 3589 1228 3677 oppletum,vertigine
1248 3587 1314 3656 ad.-

275 3694 421 3770 ficitur.
445 3693 575 3760 Oritur
596 3692 686 3762 hinc
710 3695 968 3778 oppressionis
994 3693 1149 3780 quidam
1170 3711 1315 3772 sensus,

277 3799 344 3886 qui
364 3817 432 3881 per
454 3797 658 3862 instinctus
681 3799 861 3875 modum,
882 3800 944 3864 vel
965 3819 1032 3881 per
1057 3781 1207 3864 sensum
1230 3794 1314 3860 ani·

278 3902 421 3974 malem
440 3900 487 3966 ad
507 3902 779 3985 exspirantium
801 3909 986 3988 provocat
1007 3903 1068 3991 h).
1160 3930 1162 3934 ·
1207 3955 1212 3966 .

360 4045 427 4112 His
455 4043 676 4126 praemissis
708 4045 975 4118 machinatio,
1005 4063 1080 4128 qua
1108 4041 1314 4125 respiratio

278 4149 506 4235 perficitur,
536 4145 757 4228 exponenda
785 4155 855 4217 est.
888 4150 1033 4234 systole
1062 4149 1316 4232 pulmonum,

280 4278 356 4350 qua
374 4261 439 4326 e'e'r
460 4257 693 4344 repellatur,
714 4258 939 4325 suscitanda
957 4261 1150 4346 est,'quee
1160 4301 1172 4338 ,
1195 4253 1317 4318 donec
