<?xml version="1.0" encoding="UTF-8"?>
<!DOCTYPE html PUBLIC "-//W3C//DTD XHTML 1.0 Transitional//EN"
    "http://www.w3.org/TR/xhtml1/DTD/xhtml1-transitional.dtd">
<html xmlns="http://www.w3.org/1999/xhtml" xml:lang="en" lang="en">
 <head>
  <title>
</title>
<meta http-equiv="Content-Type" content="text/html;charset=utf-8" />
  <meta name='ocr-system' content='tesseract 3.04.00' />
  <meta name='ocr-capabilities' content='ocr_page ocr_carea ocr_par ocr_line ocrx_word'/>
</head>
<body>
  <div class='ocr_page' id='page_1' title='image "./physiologiamedi03lenhgoog_0456.png"; bbox 0 0 2898 4992; ppageno 0'>
   <div class='ocr_carea' id='block_1_1' title="bbox 353 379 1282 496">
    <p class='ocr_par' dir='ltr' id='par_1_1' title="bbox 353 379 1282 496">
     <span class='ocr_line' id='line_1_1' title="bbox 353 379 1282 496; baseline -0.003 -13"><span class='ocrx_word' id='word_1_1' title='bbox 353 417 460 483; x_wconf 78' lang='lat' dir='ltr'><strong>secr.</strong></span> <span class='ocrx_word' id='word_1_2' title='bbox 486 415 529 481; x_wconf 90' lang='lat'><strong>11.</strong></span> <span class='ocrx_word' id='word_1_3' title='bbox 550 403 743 480; x_wconf 76' lang='lat' dir='ltr'><strong>Du&#39;rcoru</strong></span> <span class='ocrx_word' id='word_1_4' title='bbox 765 379 991 481; x_wconf 71' lang='lat' dir='ltr'><strong>ssscurvrs.</strong></span> <span class='ocrx_word' id='word_1_5' title='bbox 1137 417 1200 496; x_wconf 76' lang='lat'><strong>469</strong></span> <span class='ocrx_word' id='word_1_6' title='bbox 1280 383 1282 390; x_wconf 42' lang='grc'>’</span> 
     </span>
    </p>
   </div>
   <div class='ocr_carea' id='block_1_2' title="bbox 63 505 1245 1065">
    <p class='ocr_par' dir='ltr' id='par_1_2' title="bbox 157 505 1245 960">
     <span class='ocr_line' id='line_1_2' title="bbox 158 505 1200 644; baseline -0.001 -20"><span class='ocrx_word' id='word_1_7' title='bbox 158 557 270 626; x_wconf 78' lang='lat' dir='ltr'><strong>annis</strong></span> <span class='ocrx_word' id='word_1_8' title='bbox 301 559 423 626; x_wconf 87' lang='lat' dir='ltr'><strong>serius</strong></span> <span class='ocrx_word' id='word_1_9' title='bbox 442 505 483 626; x_wconf 71' lang='lat' dir='ltr'><strong>‘et</strong></span> <span class='ocrx_word' id='word_1_10' title='bbox 499 559 616 644; x_wconf 87' lang='lat' dir='ltr'><strong>paulo</strong></span> <span class='ocrx_word' id='word_1_11' title='bbox 645 558 791 624; x_wconf 75' lang='lat' dir='ltr'><strong>clarius</strong></span> <span class='ocrx_word' id='word_1_12' title='bbox 817 555 953 622; x_wconf 85' lang='lat' dir='ltr'><strong>Reald.</strong></span> <span class='ocrx_word' id='word_1_13' title='bbox 971 557 1200 640; x_wconf 69' lang='lat' dir='ltr'><strong>Cotumuuss</strong></span> 
     </span>
     <span class='ocr_line' id='line_1_3' title="bbox 158 661 1199 750; baseline -0.002 -20"><span class='ocrx_word' id='word_1_14' title='bbox 158 669 272 750; x_wconf 86' lang='lat' dir='ltr'><strong>plura</strong></span> <span class='ocrx_word' id='word_1_15' title='bbox 288 671 419 730; x_wconf 87' lang='lat' dir='ltr'><strong>tamen</strong></span> <span class='ocrx_word' id='word_1_16' title='bbox 445 663 641 750; x_wconf 86' lang='lat' dir='ltr'><strong>preastitit</strong></span> <span class='ocrx_word' id='word_1_17' title='bbox 662 661 704 728; x_wconf 90' lang='lat' dir='ltr'><strong>in</strong></span> <span class='ocrx_word' id='word_1_18' title='bbox 732 661 980 728; x_wconf 87' lang='lat' dir='ltr'><strong>dilucidando</strong></span> <span class='ocrx_word' id='word_1_19' title='bbox 996 664 1199 748; x_wconf 72' lang='lat' dir='ltr'>sanguinis</span> 
     </span>
     <span class='ocr_line' id='line_1_4' title="bbox 157 753 1245 854; baseline 0.001 -21"><span class='ocrx_word' id='word_1_20' title='bbox 157 789 226 854; x_wconf 86' lang='lat' dir='ltr'><strong>per</strong></span> <span class='ocrx_word' id='word_1_21' title='bbox 254 769 456 854; x_wconf 77' lang='lat' dir='ltr'><strong>pulmones</strong></span> <span class='ocrx_word' id='word_1_22' title='bbox 487 767 654 834; x_wconf 87' lang='lat' dir='ltr'><strong>transitu</strong></span> <span class='ocrx_word' id='word_1_23' title='bbox 693 753 862 834; x_wconf 79' lang='lat' dir='ltr'><strong>Andreas</strong></span> <span class='ocrx_word' id='word_1_24' title='bbox 901 771 1198 847; x_wconf 65' lang='lat' dir='ltr'><strong>catastarum,</strong></span> <span class='ocrx_word' id='word_1_25' title='bbox 1237 827 1245 841; x_wconf 82' lang='grc'><strong>,</strong></span> 
     </span>
     <span class='ocr_line' id='line_1_5' title="bbox 159 871 1204 960; baseline 0.003 -23"><span class='ocrx_word' id='word_1_26' title='bbox 159 875 226 960; x_wconf 85' lang='lat' dir='ltr'><strong>qui</strong></span> <span class='ocrx_word' id='word_1_27' title='bbox 255 873 433 938; x_wconf 81' lang='lat' dir='ltr'><strong>simulet</strong></span> <span class='ocrx_word' id='word_1_28' title='bbox 458 871 649 938; x_wconf 77' lang='lat' dir='ltr'><strong>circuitus</strong></span> <span class='ocrx_word' id='word_1_29' title='bbox 666 873 800 956; x_wconf 85' lang='lat' dir='ltr'><strong>magni</strong></span> <span class='ocrx_word' id='word_1_30' title='bbox 827 871 930 938; x_wconf 88' lang='lat' dir='ltr'><strong>haud</strong></span> <span class='ocrx_word' id='word_1_31' title='bbox 960 873 1112 956; x_wconf 87' lang='lat' dir='ltr'><strong>penitus</strong></span> <span class='ocrx_word' id='word_1_32' title='bbox 1134 873 1204 940; x_wconf 88' lang='lat' dir='ltr'><strong>ob·</strong></span> 
     </span>
    </p>

    <p class='ocr_par' dir='ltr' id='par_1_3' title="bbox 63 969 785 1065">
     <span class='ocr_line' id='line_1_6' title="bbox 63 969 785 1065; baseline -0.006 -22"><span class='ocrx_word' id='word_1_33' title='bbox 63 969 66 974; x_wconf 65' lang='grc'><strong>’</strong></span> <span class='ocrx_word' id='word_1_34' title='bbox 156 999 307 1044; x_wconf 87' lang='lat' dir='ltr'><strong>scuram</strong></span> <span class='ocrx_word' id='word_1_35' title='bbox 332 977 555 1044; x_wconf 78' lang='lat' dir='ltr'><strong>enunciavit</strong></span> <span class='ocrx_word' id='word_1_36' title='bbox 577 976 704 1042; x_wconf 84' lang='lat' dir='ltr'><strong>ideam</strong></span> <span class='ocrx_word' id='word_1_37' title='bbox 726 981 785 1065; x_wconf 85' lang='lat' dir='ltr'><strong>a).</strong></span> 
     </span>
    </p>
   </div>
   <div class='ocr_carea' id='block_1_3' title="bbox 50 1121 1335 2758">
    <p class='ocr_par' dir='ltr' id='par_1_4' title="bbox 118 1121 1203 1624">
     <span class='ocr_line' id='line_1_7' title="bbox 118 1121 1203 1212; baseline 0.003 -20"><span class='ocrx_word' id='word_1_38' title='bbox 118 1189 124 1198; x_wconf 87' lang='grc'><strong><em>,</em></strong></span> <span class='ocrx_word' id='word_1_39' title='bbox 236 1124 373 1192; x_wconf 88' lang='lat' dir='ltr'><strong>Mirari</strong></span> <span class='ocrx_word' id='word_1_40' title='bbox 401 1145 493 1190; x_wconf 87' lang='lat' dir='ltr'><strong>sane</strong></span> <span class='ocrx_word' id='word_1_41' title='bbox 516 1121 723 1202; x_wconf 81' lang='lat' dir='ltr'><strong>debemus,</strong></span> <span class='ocrx_word' id='word_1_42' title='bbox 749 1123 994 1190; x_wconf 81' lang='lat' dir='ltr'><strong>inventiones</strong></span> <span class='ocrx_word' id='word_1_43' title='bbox 1022 1143 1141 1212; x_wconf 91' lang='lat' dir='ltr'><strong>usque</strong></span> <span class='ocrx_word' id='word_1_44' title='bbox 1161 1125 1203 1195; x_wconf 81' lang='lat' dir='ltr'><strong>id</strong></span> 
     </span>
     <span class='ocr_line' id='line_1_8' title="bbox 155 1221 1199 1312; baseline -0.003 -17"><span class='ocrx_word' id='word_1_45' title='bbox 155 1235 309 1312; x_wconf 85' lang='lat' dir='ltr'><strong>tempus</strong></span> <span class='ocrx_word' id='word_1_46' title='bbox 348 1227 471 1293; x_wconf 80' lang='lat' dir='ltr'><strong>factas</strong></span> <span class='ocrx_word' id='word_1_47' title='bbox 505 1232 734 1292; x_wconf 70' lang='lat' dir='ltr'>scrutatores</span> <span class='ocrx_word' id='word_1_48' title='bbox 771 1233 934 1308; x_wconf 76' lang='lat' dir='ltr'><strong>naturae</strong></span> <span class='ocrx_word' id='word_1_49' title='bbox 963 1221 1012 1292; x_wconf 78' lang='lat' dir='ltr'><strong>ed</strong></span> <span class='ocrx_word' id='word_1_50' title='bbox 1043 1227 1199 1312; x_wconf 89' lang='lat' dir='ltr'><strong>penitus</strong></span> 
     </span>
     <span class='ocr_line' id='line_1_9' title="bbox 155 1327 1198 1420; baseline 0.001 -27"><span class='ocrx_word' id='word_1_51' title='bbox 155 1331 458 1415; x_wconf 89' lang='lat' dir='ltr'><strong>cognoscendum</strong></span> <span class='ocrx_word' id='word_1_52' title='bbox 484 1327 682 1413; x_wconf 75' lang='lat' dir='ltr'><strong>sanguinis</strong></span> <span class='ocrx_word' id='word_1_53' title='bbox 714 1328 919 1420; x_wconf 78' lang='lat' dir='ltr'><strong>circuitum</strong></span> <span class='ocrx_word' id='word_1_54' title='bbox 948 1339 1026 1393; x_wconf 84' lang='lat' dir='ltr'><strong>non</strong></span> <span class='ocrx_word' id='word_1_55' title='bbox 1056 1329 1198 1414; x_wconf 88' lang='lat' dir='ltr'><strong>perdu-</strong></span> 
     </span>
     <span class='ocr_line' id='line_1_10' title="bbox 155 1427 1199 1515; baseline 0 -17"><span class='ocrx_word' id='word_1_56' title='bbox 155 1433 267 1502; x_wconf 86' lang='lat' dir='ltr'><strong>xisse.</strong></span> <span class='ocrx_word' id='word_1_57' title='bbox 298 1427 615 1515; x_wconf 83' lang='lat' dir='ltr'><strong>ingeniosissimo</strong></span> <span class='ocrx_word' id='word_1_58' title='bbox 644 1434 681 1494; x_wconf 91' lang='lat' dir='ltr'><strong>et</strong></span> <span class='ocrx_word' id='word_1_59' title='bbox 701 1429 918 1494; x_wconf 79' lang='lat' dir='ltr'><strong>immortali</strong></span> <span class='ocrx_word' id='word_1_60' title='bbox 949 1429 1070 1515; x_wconf 89' lang='lat' dir='ltr'><strong>igitur</strong></span> <span class='ocrx_word' id='word_1_61' title='bbox 1092 1431 1199 1509; x_wconf 89' lang='lat' dir='ltr'><strong>viro,</strong></span> 
     </span>
     <span class='ocr_line' id='line_1_11' title="bbox 157 1529 1199 1624; baseline -0.009 -22"><span class='ocrx_word' id='word_1_62' title='bbox 157 1535 246 1602; x_wconf 89' lang='lat' dir='ltr'><strong>Gul.</strong></span> <span class='ocrx_word' id='word_1_63' title='bbox 268 1529 496 1619; x_wconf 69' lang='lat' dir='ltr'><strong>Harv&#39;eyo</strong></span> <span class='ocrx_word' id='word_1_64' title='bbox 522 1554 566 1596; x_wconf 88' lang='lat' dir='ltr'><strong>ea</strong></span> <span class='ocrx_word' id='word_1_65' title='bbox 592 1533 731 1597; x_wconf 84' lang='lat' dir='ltr'><strong>relicta</strong></span> <span class='ocrx_word' id='word_1_66' title='bbox 759 1531 837 1596; x_wconf 83' lang='lat' dir='ltr'><strong>suit</strong></span> <span class='ocrx_word' id='word_1_67' title='bbox 857 1533 983 1617; x_wconf 85' lang='lat' dir='ltr'><strong>gloria</strong></span> <span class='ocrx_word' id='word_1_68' title='bbox 1011 1529 1062 1614; x_wconf 72' lang='lat' dir='ltr'><strong>(i.</strong></span> <span class='ocrx_word' id='word_1_69' title='bbox 1085 1553 1138 1624; x_wconf 76' lang='lat'><strong>29·</strong></span> <span class='ocrx_word' id='word_1_70' title='bbox 1160 1555 1199 1599; x_wconf 89' lang='lat' dir='ltr'><strong>n.</strong></span> 
     </span>
    </p>

    <p class='ocr_par' dir='ltr' id='par_1_5' title="bbox 50 1633 1335 2758">
     <span class='ocr_line' id='line_1_12' title="bbox 50 1633 1200 1724; baseline -0.004 -18"><span class='ocrx_word' id='word_1_71' title='bbox 50 1633 54 1646; x_wconf 91' lang='lat'>&#39;</span> <span class='ocrx_word' id='word_1_72' title='bbox 155 1639 221 1724; x_wconf 71' lang='lat' dir='ltr'><strong>n).</strong></span> <span class='ocrx_word' id='word_1_73' title='bbox 255 1637 399 1720; x_wconf 66' lang='lat' dir='ltr'><strong>⁴coepit</strong></span> <span class='ocrx_word' id='word_1_74' title='bbox 428 1638 677 1716; x_wconf 78' lang='lat' dir='ltr'><strong>Hsnvevus,</strong></span> <span class='ocrx_word' id='word_1_75' title='bbox 706 1639 913 1720; x_wconf 88' lang='lat' dir='ltr'><strong>postquam</strong></span> <span class='ocrx_word' id='word_1_76' title='bbox 951 1635 1200 1702; x_wconf 85' lang='lat' dir='ltr'><strong>valvularum</strong></span> 
     </span>
     <span class='ocr_line' id='line_1_13' title="bbox 155 1733 1335 1824; baseline -0.003 -14"><span class='ocrx_word' id='word_1_77' title='bbox 155 1733 383 1811; x_wconf 86' lang='lat' dir='ltr'><strong>venosarum</strong></span> <span class='ocrx_word' id='word_1_78' title='bbox 402 1763 425 1806; x_wconf 90' lang='lat' dir='ltr'><strong>a</strong></span> <span class='ocrx_word' id='word_1_79' title='bbox 445 1741 513 1806; x_wconf 86' lang='lat' dir='ltr'><strong>cel.</strong></span> <span class='ocrx_word' id='word_1_80' title='bbox 535 1762 604 1807; x_wconf 87' lang='lat' dir='ltr'><strong>suo</strong></span> <span class='ocrx_word' id='word_1_81' title='bbox 625 1745 871 1824; x_wconf 76' lang='lat' dir='ltr'><strong>praeceptore</strong></span> <span class='ocrx_word' id='word_1_82' title='bbox 890 1741 1127 1806; x_wconf 88' lang='lat' dir='ltr'><strong>Fabricio</strong></span> <span class='ocrx_word' id='word_1_83' title='bbox 1151 1742 1200 1807; x_wconf 90' lang='lat' dir='ltr'><strong>ab</strong></span> <span class='ocrx_word' id='word_1_84' title='bbox 1331 1763 1335 1776; x_wconf 88' lang='lat'><strong>·</strong></span> 
     </span>
     <span class='ocr_line' id='line_1_14' title="bbox 157 1845 1201 1934; baseline -0.003 -19"><span class='ocrx_word' id='word_1_85' title='bbox 157 1845 553 1934; x_wconf 85' lang='lat' dir='ltr'><strong>Aquependenta</strong></span> <span class='ocrx_word' id='word_1_86' title='bbox 587 1845 795 1932; x_wconf 81' lang='lat' dir='ltr'><strong>genuinam</strong></span> <span class='ocrx_word' id='word_1_87' title='bbox 827 1845 1036 1932; x_wconf 83' lang='lat' dir='ltr'><strong>accepisset</strong></span> <span class='ocrx_word' id='word_1_88' title='bbox 1068 1847 1201 1932; x_wconf 82' lang='lat' dir='ltr'><strong>cog-ni·</strong></span> 
     </span>
     <span class='ocr_line' id='line_1_15' title="bbox 157 1951 1200 2039; baseline -0.001 -20"><span class='ocrx_word' id='word_1_89' title='bbox 157 1956 307 2020; x_wconf 89' lang='lat' dir='ltr'><strong>tionem</strong></span> <span class='ocrx_word' id='word_1_90' title='bbox 338 1951 633 2038; x_wconf 77' lang='lat'><strong>(1598-1602.),</strong></span> <span class='ocrx_word' id='word_1_91' title='bbox 653 1971 766 2018; x_wconf 89' lang='lat' dir='ltr'><strong>usum</strong></span> <span class='ocrx_word' id='word_1_92' title='bbox 788 1970 921 2017; x_wconf 83' lang='lat' dir='ltr'><strong>earum</strong></span> <span class='ocrx_word' id='word_1_93' title='bbox 948 1951 1117 2039; x_wconf 88' lang='lat' dir='ltr'><strong>penitius</strong></span> <span class='ocrx_word' id='word_1_94' title='bbox 1138 1953 1200 2018; x_wconf 92' lang='lat' dir='ltr'><strong>in·</strong></span> 
     </span>
     <span class='ocr_line' id='line_1_16' title="bbox 160 2055 1201 2140; baseline -0.001 -19"><span class='ocrx_word' id='word_1_95' title='bbox 160 2059 323 2140; x_wconf 75' lang='lat' dir='ltr'><strong>dagar‘e,</strong></span> <span class='ocrx_word' id='word_1_96' title='bbox 345 2063 384 2122; x_wconf 87' lang='lat' dir='ltr'><strong>et</strong></span> <span class='ocrx_word' id='word_1_97' title='bbox 413 2055 577 2122; x_wconf 83' lang='lat' dir='ltr'><strong>scrutari</strong></span> <span class='ocrx_word' id='word_1_98' title='bbox 604 2055 720 2120; x_wconf 91' lang='lat' dir='ltr'><strong>simul</strong></span> <span class='ocrx_word' id='word_1_99' title='bbox 754 2076 888 2120; x_wconf 83' lang='lat' dir='ltr'><strong>veram</strong></span> <span class='ocrx_word' id='word_1_100' title='bbox 925 2056 1106 2122; x_wconf 83' lang='lat' dir='ltr'><strong>circuitus</strong></span> <span class='ocrx_word' id='word_1_101' title='bbox 1137 2077 1201 2121; x_wconf 88' lang='lat' dir='ltr'><strong>ra·</strong></span> 
     </span>
     <span class='ocr_line' id='line_1_17' title="bbox 158 2157 1202 2244; baseline -0.003 -17"><span class='ocrx_word' id='word_1_102' title='bbox 158 2165 316 2227; x_wconf 87' lang='lat' dir='ltr'><strong>tionem.</strong></span> <span class='ocrx_word' id='word_1_103' title='bbox 347 2159 522 2226; x_wconf 88' lang='lat' dir='ltr'><strong>Instituit</strong></span> <span class='ocrx_word' id='word_1_104' title='bbox 546 2178 632 2223; x_wconf 88' lang='lat' dir='ltr'><strong>eum</strong></span> <span class='ocrx_word' id='word_1_105' title='bbox 661 2157 704 2222; x_wconf 91' lang='lat' dir='ltr'><strong>in</strong></span> <span class='ocrx_word' id='word_1_106' title='bbox 726 2157 846 2224; x_wconf 87' lang='lat' dir='ltr'><strong>finem</strong></span> <span class='ocrx_word' id='word_1_107' title='bbox 868 2159 1036 2226; x_wconf 84' lang='lat' dir='ltr'><strong>Londini</strong></span> <span class='ocrx_word' id='word_1_108' title='bbox 1053 2160 1202 2244; x_wconf 84' lang='lat' dir='ltr'><strong>experi-</strong></span> 
     </span>
     <span class='ocr_line' id='line_1_18' title="bbox 157 2261 1292 2344; baseline 0.003 -20"><span class='ocrx_word' id='word_1_109' title='bbox 157 2267 311 2337; x_wconf 75' lang='lat' dir='ltr'><strong>menta,</strong></span> <span class='ocrx_word' id='word_1_110' title='bbox 341 2276 407 2344; x_wconf 88' lang='lat' dir='ltr'><strong>per</strong></span> <span class='ocrx_word' id='word_1_111' title='bbox 437 2261 563 2342; x_wconf 85' lang='lat' dir='ltr'><strong>plures</strong></span> <span class='ocrx_word' id='word_1_112' title='bbox 595 2280 715 2324; x_wconf 87' lang='lat' dir='ltr'><strong>annos</strong></span> <span class='ocrx_word' id='word_1_113' title='bbox 742 2261 992 2337; x_wconf 89' lang='lat' dir='ltr'><strong>continuata,</strong></span> <span class='ocrx_word' id='word_1_114' title='bbox 1013 2267 1052 2326; x_wconf 90' lang='lat' dir='ltr'><strong>et</strong></span> <span class='ocrx_word' id='word_1_115' title='bbox 1082 2262 1200 2328; x_wconf 89' lang='lat' dir='ltr'><strong>toties</strong></span> <span class='ocrx_word' id='word_1_116' title='bbox 1229 2281 1231 2289; x_wconf 90' lang='lat'>·</span> <span class='ocrx_word' id='word_1_117' title='bbox 1286 2265 1292 2294; x_wconf 77' lang='lat'>⁸</span> 
     </span>
     <span class='ocr_line' id='line_1_19' title="bbox 155 2351 1199 2458; baseline 0 -29"><span class='ocrx_word' id='word_1_118' title='bbox 155 2363 346 2446; x_wconf 84' lang='lat' dir='ltr'><strong>repetita,</strong></span> <span class='ocrx_word' id='word_1_119' title='bbox 359 2351 363 2362; x_wconf 64' lang='grc'><strong>’</strong></span> <span class='ocrx_word' id='word_1_120' title='bbox 376 2363 498 2427; x_wconf 86' lang='lat' dir='ltr'><strong>donec</strong></span> <span class='ocrx_word' id='word_1_121' title='bbox 524 2360 683 2425; x_wconf 88' lang='lat' dir='ltr'><strong>tandem</strong></span> <span class='ocrx_word' id='word_1_122' title='bbox 702 2401 713 2436; x_wconf 92' lang='lat'><strong>,</strong></span> <span class='ocrx_word' id='word_1_123' title='bbox 744 2361 900 2445; x_wconf 88' lang='lat' dir='ltr'><strong>cognita</strong></span> <span class='ocrx_word' id='word_1_124' title='bbox 913 2363 983 2458; x_wconf 31' lang='lat' dir='ltr'><strong>‚rei</strong></span> <span class='ocrx_word' id='word_1_125' title='bbox 1012 2364 1199 2440; x_wconf 87' lang='lat' dir='ltr'><strong>veritate,</strong></span> 
     </span>
     <span class='ocr_line' id='line_1_20' title="bbox 155 2459 1199 2548; baseline -0.002 -18"><span class='ocrx_word' id='word_1_126' title='bbox 155 2465 423 2530; x_wconf 87' lang='lat' dir='ltr'><strong>inventionem</strong></span> <span class='ocrx_word' id='word_1_127' title='bbox 448 2483 558 2532; x_wconf 85' lang='lat' dir='ltr'><strong>suam</strong></span> <span class='ocrx_word' id='word_1_128' title='bbox 579 2459 740 2548; x_wconf 81' lang='lat'>(1619.)</span> <span class='ocrx_word' id='word_1_129' title='bbox 761 2463 804 2528; x_wconf 92' lang='lat' dir='ltr'><strong>in</strong></span> <span class='ocrx_word' id='word_1_130' title='bbox 832 2462 997 2545; x_wconf 89' lang='lat' dir='ltr'><strong>publicis</strong></span> <span class='ocrx_word' id='word_1_131' title='bbox 1020 2465 1199 2532; x_wconf 86' lang='lat' dir='ltr'><strong>lectioni·</strong></span> 
     </span>
     <span class='ocr_line' id='line_1_21' title="bbox 154 2561 1198 2655; baseline 0.001 -21"><span class='ocrx_word' id='word_1_132' title='bbox 154 2569 226 2634; x_wconf 84' lang='lat' dir='ltr'><strong>bus</strong></span> <span class='ocrx_word' id='word_1_133' title='bbox 248 2568 506 2652; x_wconf 84' lang='lat' dir='ltr'><strong>exposuisset,</strong></span> <span class='ocrx_word' id='word_1_134' title='bbox 533 2587 576 2630; x_wconf 83' lang='lat' dir='ltr'><strong>ec</strong></span> <span class='ocrx_word' id='word_1_135' title='bbox 608 2564 762 2630; x_wconf 84' lang='lat' dir='ltr'><strong>demum</strong></span> <span class='ocrx_word' id='word_1_136' title='bbox 791 2561 932 2654; x_wconf 78' lang='lat'>(1628.)</span> <span class='ocrx_word' id='word_1_137' title='bbox 955 2585 1068 2651; x_wconf 88' lang='lat' dir='ltr'><strong>opere</strong></span> <span class='ocrx_word' id='word_1_138' title='bbox 1089 2569 1198 2655; x_wconf 85' lang='lat' dir='ltr'><strong>typis</strong></span> 
     </span>
     <span class='ocr_line' id='line_1_22' title="bbox 157 2671 668 2758; baseline -0.004 -20"><span class='ocrx_word' id='word_1_139' title='bbox 157 2691 331 2758; x_wconf 84' lang='lat' dir='ltr'><strong>expresso</strong></span> <span class='ocrx_word' id='word_1_140' title='bbox 351 2672 395 2756; x_wconf 80' lang='lat' dir='ltr'><strong>b)</strong></span> <span class='ocrx_word' id='word_1_141' title='bbox 420 2671 668 2757; x_wconf 84' lang='lat' dir='ltr'><strong>divulgasset.</strong></span> 
     </span>
    </p>
   </div>
   <div class='ocr_carea' id='block_1_4' title="bbox 46 2811 1335 4346">
    <p class='ocr_par' dir='ltr' id='par_1_6' title="bbox 181 2811 1198 2902">
     <span class='ocr_line' id='line_1_23' title="bbox 181 2811 1198 2902; baseline -0.001 -21"><span class='ocrx_word' id='word_1_142' title='bbox 181 2857 187 2866; x_wconf 83' lang='lat'>-</span> <span class='ocrx_word' id='word_1_143' title='bbox 237 2818 445 2882; x_wconf 83' lang='lat' dir='ltr'><strong>Commune</strong></span> <span class='ocrx_word' id='word_1_144' title='bbox 467 2831 696 2899; x_wconf 88' lang='lat' dir='ltr'><strong>magnorum</strong></span> <span class='ocrx_word' id='word_1_145' title='bbox 721 2811 894 2879; x_wconf 91' lang='lat' dir='ltr'><strong>virorum</strong></span> <span class='ocrx_word' id='word_1_146' title='bbox 922 2813 1071 2890; x_wconf 84' lang='lat' dir='ltr'><strong>latum,</strong></span> <span class='ocrx_word' id='word_1_147' title='bbox 1094 2812 1198 2902; x_wconf 91' lang='lat' dir='ltr'><strong>quod</strong></span> 
     </span>
    </p>

    <p class='ocr_par' dir='ltr' id='par_1_7' title="bbox 157 2914 1196 3000">
     <span class='ocr_line' id='line_1_24' title="bbox 157 2914 1196 3000; baseline 0.002 -20"><span class='ocrx_word' id='word_1_148' title='bbox 157 2914 252 2981; x_wconf 86' lang='lat' dir='ltr'><strong>dura</strong></span> <span class='ocrx_word' id='word_1_149' title='bbox 281 2938 393 3000; x_wconf 90' lang='lat' dir='ltr'><strong>saepe</strong></span> <span class='ocrx_word' id='word_1_150' title='bbox 420 2916 500 2980; x_wconf 86' lang='lat' dir='ltr'><strong>acie</strong></span> <span class='ocrx_word' id='word_1_151' title='bbox 522 2935 695 2999; x_wconf 88' lang='lat' dir='ltr'><strong>premere</strong></span> <span class='ocrx_word' id='word_1_152' title='bbox 715 2916 843 2980; x_wconf 88' lang='lat' dir='ltr'><strong>suevit</strong></span> <span class='ocrx_word' id='word_1_153' title='bbox 862 2915 1102 2994; x_wconf 88' lang='lat' dir='ltr'><strong>inventores,</strong></span> <span class='ocrx_word' id='word_1_154' title='bbox 1125 2937 1196 2982; x_wconf 89' lang='lat' dir='ltr'><strong>nec</strong></span> 
     </span>
    </p>

    <p class='ocr_par' dir='ltr' id='par_1_8' title="bbox 153 3019 1197 3106">
     <span class='ocr_line' id='line_1_25' title="bbox 153 3019 1197 3106; baseline 0.001 -22"><span class='ocrx_word' id='word_1_155' title='bbox 153 3019 436 3084; x_wconf 86' lang='lat' dir='ltr'><strong>modestissimo</strong></span> <span class='ocrx_word' id='word_1_156' title='bbox 456 3019 625 3103; x_wconf 86' lang='lat' dir='ltr'><strong>pepercit</strong></span> <span class='ocrx_word' id='word_1_157' title='bbox 642 3021 679 3083; x_wconf 82' lang='grc' dir='ltr'><strong>,Η</strong></span> <span class='ocrx_word' id='word_1_158' title='bbox 692 3038 741 3083; x_wconf 82' lang='lat' dir='ltr'><strong>ar</strong></span> <span class='ocrx_word' id='word_1_159' title='bbox 754 3037 843 3106; x_wconf 82' lang='lat' dir='ltr'><strong>vsy</strong></span> <span class='ocrx_word' id='word_1_160' title='bbox 856 3038 890 3084; x_wconf 89' lang='lat' dir='ltr'><strong>o.</strong></span> <span class='ocrx_word' id='word_1_161' title='bbox 923 3021 1041 3091; x_wconf 86' lang='lat' dir='ltr'><strong>Erant</strong></span> <span class='ocrx_word' id='word_1_162' title='bbox 1059 3040 1197 3106; x_wconf 89' lang='lat' dir='ltr'><strong>nempe</strong></span> 
     </span>
    </p>

    <p class='ocr_par' dir='ltr' id='par_1_9' title="bbox 154 3119 1335 3208">
     <span class='ocr_line' id='line_1_26' title="bbox 154 3119 1335 3208; baseline 0.003 -24"><span class='ocrx_word' id='word_1_163' title='bbox 154 3120 237 3200; x_wconf 92' lang='lat' dir='ltr'><strong>alii,</strong></span> <span class='ocrx_word' id='word_1_164' title='bbox 250 3122 315 3207; x_wconf 90' lang='lat' dir='ltr'><strong>qui</strong></span> <span class='ocrx_word' id='word_1_165' title='bbox 336 3119 529 3186; x_wconf 87' lang='lat' dir='ltr'><strong>adstruere</strong></span> <span class='ocrx_word' id='word_1_166' title='bbox 548 3141 624 3186; x_wconf 90' lang='lat' dir='ltr'><strong>non</strong></span> <span class='ocrx_word' id='word_1_167' title='bbox 639 3121 943 3186; x_wconf 73' lang='lat' dir='ltr'><strong>&#39;erubueruntsll</strong></span> <span class='ocrx_word' id='word_1_168' title='bbox 956 3143 1042 3186; x_wconf 89' lang='lat' dir='ltr'><strong>arv</strong></span> <span class='ocrx_word' id='word_1_169' title='bbox 1055 3143 1073 3185; x_wconf 91' lang='lat' dir='ltr'><strong>a</strong></span> <span class='ocrx_word' id='word_1_170' title='bbox 1084 3143 1111 3208; x_wconf 89' lang='lat' dir='ltr'><strong>y</strong></span> <span class='ocrx_word' id='word_1_171' title='bbox 1122 3141 1196 3188; x_wconf 91' lang='lat' dir='ltr'><strong>um</strong></span> <span class='ocrx_word' id='word_1_172' title='bbox 1267 3125 1269 3130; x_wconf 81' lang='grc'><strong>’</strong></span> <span class='ocrx_word' id='word_1_173' title='bbox 1329 3119 1335 3136; x_wconf 86' lang='grc'><em>’</em></span> 
     </span>
    </p>

    <p class='ocr_par' dir='ltr' id='par_1_10' title="bbox 152 3221 1232 3307">
     <span class='ocr_line' id='line_1_27' title="bbox 152 3221 1232 3307; baseline 0 -19"><span class='ocrx_word' id='word_1_174' title='bbox 152 3223 255 3290; x_wconf 85' lang='lat' dir='ltr'><strong>nihil</strong></span> <span class='ocrx_word' id='word_1_175' title='bbox 276 3225 390 3307; x_wconf 89' lang='lat' dir='ltr'><strong>plane</strong></span> <span class='ocrx_word' id='word_1_176' title='bbox 412 3223 503 3287; x_wconf 90' lang='lat' dir='ltr'><strong>novi</strong></span> <span class='ocrx_word' id='word_1_177' title='bbox 534 3222 747 3297; x_wconf 85' lang='lat' dir='ltr'><strong>invenisse,</strong></span> <span class='ocrx_word' id='word_1_178' title='bbox 761 3221 967 3306; x_wconf 85' lang='lat' dir='ltr'><strong>ipsumque</strong></span> <span class='ocrx_word' id='word_1_179' title='bbox 990 3221 1085 3287; x_wconf 87' lang='lat' dir='ltr'><strong>adeo</strong></span> <span class='ocrx_word' id='word_1_180' title='bbox 1106 3239 1196 3288; x_wconf 81' lang='lat' dir='ltr'><strong>san·</strong></span> <span class='ocrx_word' id='word_1_181' title='bbox 1224 3301 1232 3306; x_wconf 44' lang='grc'><strong>,</strong></span> 
     </span>
    </p>

    <p class='ocr_par' dir='ltr' id='par_1_11' title="bbox 152 3315 1193 3420">
     <span class='ocr_line' id='line_1_28' title="bbox 152 3315 1193 3420; baseline 0.002 -29"><span class='ocrx_word' id='word_1_182' title='bbox 152 3315 279 3412; x_wconf 75' lang='lat' dir='ltr'><strong>guinis</strong></span> <span class='ocrx_word' id='word_1_183' title='bbox 301 3327 502 3392; x_wconf 85' lang='lat' dir='ltr'><strong>circuitum</strong></span> <span class='ocrx_word' id='word_1_184' title='bbox 535 3327 617 3412; x_wconf 89' lang='lat' dir='ltr'><strong>regi</strong></span> <span class='ocrx_word' id='word_1_185' title='bbox 650 3327 938 3420; x_wconf 84' lang='lat' dir='ltr'><strong>Salamoni,</strong></span> <span class='ocrx_word' id='word_1_186' title='bbox 963 3327 1193 3407; x_wconf 85' lang='lat' dir='ltr'><strong>Plato-ni,</strong></span> 
     </span>
    </p>

    <p class='ocr_par' dir='ltr' id='par_1_12' title="bbox 46 3431 1316 3622">
     <span class='ocr_line' id='line_1_29' title="bbox 152 3431 1316 3521; baseline -0.002 -22"><span class='ocrx_word' id='word_1_187' title='bbox 152 3433 483 3518; x_wconf 83' lang='lat' dir='ltr'><strong>Hippocrati,</strong></span> <span class='ocrx_word' id='word_1_188' title='bbox 514 3433 682 3518; x_wconf 88' lang='lat' dir='ltr'><strong>aliisque</strong></span> <span class='ocrx_word' id='word_1_189' title='bbox 708 3432 850 3496; x_wconf 81' lang='lat' dir='ltr'><strong>veteris</strong></span> <span class='ocrx_word' id='word_1_190' title='bbox 877 3431 964 3496; x_wconf 88' lang='lat' dir='ltr'><strong>aevi</strong></span> <span class='ocrx_word' id='word_1_191' title='bbox 992 3433 1193 3518; x_wconf 74' lang='lat' dir='ltr'><strong>scriptori·</strong></span> <span class='ocrx_word' id='word_1_192' title='bbox 1313 3509 1316 3521; x_wconf 31' lang='grc' dir='ltr'>Ι</span> 
     </span>
     <span class='ocr_line' id='line_1_30' title="bbox 46 3533 1194 3622; baseline -0.001 -20"><span class='ocrx_word' id='word_1_193' title='bbox 46 3557 49 3567; x_wconf 90' lang='grc'><strong><em>·</em></strong></span> <span class='ocrx_word' id='word_1_194' title='bbox 150 3537 244 3612; x_wconf 79' lang='lat' dir='ltr'><strong>bus,</strong></span> <span class='ocrx_word' id='word_1_195' title='bbox 262 3535 479 3601; x_wconf 78' lang='lat' dir='ltr'><strong>sirensibus</strong></span> <span class='ocrx_word' id='word_1_196' title='bbox 500 3541 538 3600; x_wconf 87' lang='lat' dir='ltr'><strong>et</strong></span> <span class='ocrx_word' id='word_1_197' title='bbox 554 3535 698 3612; x_wconf 87' lang='lat' dir='ltr'><strong>Persis,</strong></span> <span class='ocrx_word' id='word_1_198' title='bbox 718 3537 780 3600; x_wconf 91' lang='lat' dir='ltr'><strong>vel</strong></span> <span class='ocrx_word' id='word_1_199' title='bbox 799 3533 1076 3602; x_wconf 83' lang='lat' dir='ltr'><strong>recentioribus</strong></span> <span class='ocrx_word' id='word_1_200' title='bbox 1095 3537 1194 3622; x_wconf 88' lang='lat' dir='ltr'><strong>phy·</strong></span> 
     </span>
    </p>

    <p class='ocr_par' dir='ltr' id='par_1_13' title="bbox 149 3637 1192 3728">
     <span class='ocr_line' id='line_1_31' title="bbox 149 3637 1192 3728; baseline 0.001 -25"><span class='ocrx_word' id='word_1_201' title='bbox 149 3639 308 3721; x_wconf 88' lang='lat' dir='ltr'><strong>siologis</strong></span> <span class='ocrx_word' id='word_1_202' title='bbox 331 3637 456 3728; x_wconf 77' lang='lat' dir='ltr'><strong>Paulo</strong></span> <span class='ocrx_word' id='word_1_203' title='bbox 480 3639 714 3719; x_wconf 86' lang='lat' dir='ltr'><strong>Serveto,</strong></span> <span class='ocrx_word' id='word_1_204' title='bbox 734 3638 852 3702; x_wconf 87' lang='lat' dir='ltr'><strong>Paulo</strong></span> <span class='ocrx_word' id='word_1_205' title='bbox 885 3637 1086 3725; x_wconf 74' lang='lat' dir='ltr'><strong>San-pio,</strong></span> <span class='ocrx_word' id='word_1_206' title='bbox 1114 3641 1192 3704; x_wconf 85' lang='lat' dir='ltr'><strong>An·</strong></span> 
     </span>
    </p>

    <p class='ocr_par' dir='ltr' id='par_1_14' title="bbox 151 3735 1192 3826">
     <span class='ocr_line' id='line_1_32' title="bbox 151 3735 1192 3826; baseline 0.006 -24"><span class='ocrx_word' id='word_1_207' title='bbox 151 3735 263 3802; x_wconf 86' lang='lat' dir='ltr'><strong>dreae</strong></span> <span class='ocrx_word' id='word_1_208' title='bbox 293 3739 602 3826; x_wconf 83' lang='lat' dir='ltr'><strong>caesalpino</strong></span> <span class='ocrx_word' id='word_1_209' title='bbox 628 3746 698 3806; x_wconf 88' lang='lat' dir='ltr'><strong>etc.</strong></span> <span class='ocrx_word' id='word_1_210' title='bbox 724 3735 859 3806; x_wconf 89' lang='lat' dir='ltr'><strong>notum</strong></span> <span class='ocrx_word' id='word_1_211' title='bbox 887 3741 967 3825; x_wconf 83' lang='lat' dir='ltr'><strong>jem</strong></span> <span class='ocrx_word' id='word_1_212' title='bbox 995 3742 1112 3807; x_wconf 85' lang='lat' dir='ltr'><strong>fuisse</strong></span> <span class='ocrx_word' id='word_1_213' title='bbox 1137 3744 1192 3824; x_wconf 87' lang='lat' dir='ltr'><strong>c).</strong></span> 
     </span>
    </p>

    <p class='ocr_par' dir='ltr' id='par_1_15' title="bbox 149 3844 1192 3933">
     <span class='ocr_line' id='line_1_33' title="bbox 149 3844 1192 3933; baseline -0.001 -23"><span class='ocrx_word' id='word_1_214' title='bbox 149 3844 227 3910; x_wconf 83' lang='lat' dir='ltr'><strong>Alii</strong></span> <span class='ocrx_word' id='word_1_215' title='bbox 246 3867 337 3910; x_wconf 90' lang='lat' dir='ltr'><strong>vero</strong></span> <span class='ocrx_word' id='word_1_216' title='bbox 365 3847 544 3924; x_wconf 83' lang='lat' dir='ltr'><strong>fuerunt,</strong></span> <span class='ocrx_word' id='word_1_217' title='bbox 569 3847 659 3933; x_wconf 89' lang='lat' dir='ltr'><strong>qui,</strong></span> <span class='ocrx_word' id='word_1_218' title='bbox 686 3848 779 3912; x_wconf 89' lang='lat' dir='ltr'><strong>licet</strong></span> <span class='ocrx_word' id='word_1_219' title='bbox 807 3849 1015 3913; x_wconf 74' lang='lat' dir='ltr'><strong>llnnvusus</strong></span> <span class='ocrx_word' id='word_1_220' title='bbox 1046 3845 1192 3912; x_wconf 84' lang='lat' dir='ltr'><strong>verita·</strong></span> 
     </span>
    </p>

    <p class='ocr_par' dir='ltr' id='par_1_16' title="bbox 149 3947 1193 4016">
     <span class='ocr_line' id='line_1_34' title="bbox 149 3947 1193 4016; baseline 0.002 -6"><span class='ocrx_word' id='word_1_221' title='bbox 149 3953 229 4010; x_wconf 89' lang='lat' dir='ltr'><strong>tem</strong></span> <span class='ocrx_word' id='word_1_222' title='bbox 250 3947 489 4013; x_wconf 84' lang='lat' dir='ltr'><strong>inventionis</strong></span> <span class='ocrx_word' id='word_1_223' title='bbox 517 3953 607 4014; x_wconf 77' lang='lat' dir='ltr'><strong>suat</strong></span> <span class='ocrx_word' id='word_1_224' title='bbox 634 3947 965 4016; x_wconf 81' lang='lat' dir='ltr'><strong>observationibus</strong></span> <span class='ocrx_word' id='word_1_225' title='bbox 999 3947 1193 4014; x_wconf 86' lang='lat' dir='ltr'><strong>evidenti·</strong></span> 
     </span>
    </p>

    <p class='ocr_par' dir='ltr' id='par_1_17' title="bbox 149 4050 1194 4142">
     <span class='ocr_line' id='line_1_35' title="bbox 149 4050 1194 4142; baseline 0.002 -26"><span class='ocrx_word' id='word_1_226' title='bbox 149 4052 219 4116; x_wconf 85' lang='lat' dir='ltr'><strong>bus</strong></span> <span class='ocrx_word' id='word_1_227' title='bbox 241 4051 284 4136; x_wconf 71' lang='grc' dir='ltr'><strong>(ς.</strong></span> <span class='ocrx_word' id='word_1_228' title='bbox 305 4053 404 4136; x_wconf 73' lang='lat'><strong>392.)</strong></span> <span class='ocrx_word' id='word_1_229' title='bbox 427 4050 730 4134; x_wconf 86' lang='lat' dir='ltr'><strong>demonstraret,</strong></span> <span class='ocrx_word' id='word_1_230' title='bbox 760 4053 906 4120; x_wconf 89' lang='lat' dir='ltr'><strong>acerbis</strong></span> <span class='ocrx_word' id='word_1_231' title='bbox 943 4060 1111 4138; x_wconf 85' lang='lat' dir='ltr'><strong>saepest</strong></span> <span class='ocrx_word' id='word_1_232' title='bbox 1131 4052 1194 4142; x_wconf 86' lang='lat' dir='ltr'><strong>in·</strong></span> 
     </span>
    </p>

    <p class='ocr_par' dir='ltr' id='par_1_18' title="bbox 152 4154 1191 4244">
     <span class='ocr_line' id='line_1_36' title="bbox 152 4154 1191 4244; baseline 0.003 -26"><span class='ocrx_word' id='word_1_233' title='bbox 152 4154 277 4220; x_wconf 88' lang='lat' dir='ltr'><strong>firmis</strong></span> <span class='ocrx_word' id='word_1_234' title='bbox 306 4155 541 4244; x_wconf 84' lang='lat' dir='ltr'><strong>argumentis</strong></span> <span class='ocrx_word' id='word_1_235' title='bbox 570 4176 712 4224; x_wconf 88' lang='lat' dir='ltr'><strong>novam</strong></span> <span class='ocrx_word' id='word_1_236' title='bbox 745 4157 1025 4240; x_wconf 87' lang='lat' dir='ltr'><strong>impugnarunt</strong></span> <span class='ocrx_word' id='word_1_237' title='bbox 1047 4154 1191 4242; x_wconf 82' lang='lat' dir='ltr'><strong>doctri·</strong></span> 
     </span>
    </p>

    <p class='ocr_par' dir='ltr' id='par_1_19' title="bbox 154 4259 325 4346">
     <span class='ocr_line' id='line_1_37' title="bbox 154 4259 325 4346; baseline 0.029 -23"><span class='ocrx_word' id='word_1_238' title='bbox 154 4280 244 4326; x_wconf 90' lang='lat' dir='ltr'><strong>nam</strong></span> <span class='ocrx_word' id='word_1_239' title='bbox 266 4259 325 4346; x_wconf 84' lang='lat' dir='ltr'><strong>d).</strong></span> 
     </span>
    </p>
   </div>
   <div class='ocr_carea' id='block_1_5' title="bbox 0 0 1454 4992">
    <p class='ocr_par' dir='ltr' id='par_1_20' title="bbox 0 0 1454 4992">
     <span class='ocr_line' id='line_1_38' title="bbox 0 0 1454 4992; baseline 0 3"><span class='ocrx_word' id='word_1_240' title='bbox 0 0 1454 4992; x_wconf 95' lang='lat' dir='ltr'><strong> </strong></span> 
     </span>
    </p>
   </div>
  </div>
 </body>
</html>
