2898 4992
311 379 421 448 lsor.
439 324 566 446 mm
589 363 954 445 noro'ssseursrs.
1101 375 1164 460 463
1195 447 1198 454 A
1243 451 1245 460 ,
1274 459 1280 466 ,

127 519 303 598 obtinet,
321 542 467 610 quaeve
492 521 660 586 maxime
689 519 796 605 viget
826 522 869 586 in
898 517 1173 604 pulmonibus,

123 632 315 710 tanquam
331 623 496 692 centrsli
516 625 697 692 circuitus
720 631 928 710 orgeno§
889 625 939 706 (ς.
965 627 1092 708 385),
1102 625 1172 693 ubi

126 726 211 810 poli
230 726 432 810 sanguinis
452 727 623 812 oppositi
646 733 900 806 concurrunt,
926 724 1175 810 maximaque

124 829 208 896 ad
190 830 367 896 invicem
384 830 564 944 feruntur
587 830 832 896 attractione.

233 939 716 1068 ·)}1A1.1.En.nism.ptysiol.
732 991 820 1066 11.p.
837 991 900 1057 dal,
908 993 1007 1063 -·”)
1033 989 1112 1116 ibid.
1136 1007 1172 1066 p.

134 1151 136 1156 ,
201 1083 264 1150 ³²⁵·
281 1081 315 1154 5.
332 1081 359 1135 ὅ.
543 1110 546 1120 -

233 1215 265 1285 s)
284 1205 562 1270 sustulimus
580 1141 817 1283 Phpsiologisl.
839 1211 867 1288 5
883 1215 947 1283 382.

583 1389 623 1506 o
656 1397 732 1464 397·

273 1568 1041 1658 celeritssmotussangulnis,

215 1714 341 1781 Variis
364 1713 422 1780 usi
441 1719 530 1778 sunt
553 1715 929 1782 Iatrcmethematici
941 1723 1179 1804 rationibus,
1246 1722 1254 1736 ⁰

130 1825 186 1886 ut.
199 1818 434 1886 celeritatem
448 1816 612 1900 projecti
624 1816 665 1880 in
675 1820 838 1884 arterias
858 1825 1054 1906 sanguinis
1066 1873 1077 1907 ,
1088 1849 1176 1912 psr·

131 1942 208 2008 que
228 1941 345 1986 venas
359 1919 557 1986 redeuntis
579 1927 775 1996 eruerent,
800 1942 842 1986 ac
863 1921 1182 2008 determinarent,

134 2028 243 2092 intra
262 2026 411 2107 quodne
433 2029 585 2104 ternpus
602 2029 689 2090 tota
705 2026 881 2091 humoris
908 2049 1034 2096 meses
1068 2051 1182 2098 suum

136 2133 315 2198 absolvat
336 2129 523 2193 circulum
545 2131 599 2214 ⁸).
624 2128 893 2214 Discrspantes
910 2139 1042 2203 tamen
1072 2145 1111 2204 et
1134 2139 1183 2211 in

133 2239 196 2304 his
216 2234 374 2300 *calculis
394 2230 620 2315 prodierunt
636 2234 812 2316 numeri,
831 2236 1023 2320 siquidem
1057 2241 1178 2324 pleri-

86 2351 92 2362 '
141 2361 214 2428 que
235 2359 278 2402 es
297 2337 417 2400 saltus
439 2331 673 2412 altitudine,
696 2351 811 2418 quam
834 2339 989 2420 sanguis
1011 2361 1054 2406 ex
1089 2363 1181 2409 arou

137 2429 271 2508 aoilae
290 2437 411 2518 iecit,
430 2441 764 2520 comparatorum
795 2441 1011 2506 ventriculi
1030 2446 1185 2513 sinie'ri
1234 2495 1235 2501 κ

137 2546 311 2620 ambitu,
333 2544 507 2627 neglecto
527 2541 688 2626 systolee
712 2549 750 2607 et
773 2541 956 2612 diastoles
983 2546 1177 2616 discrimi-
1276 2541 1281 2546 ’

137 2671 207 2726 ne,
236 2655 275 2714 et
303 2646 488 2732 neglectis
520 2643 752 2719 obstaculis,
790 2665 886 2734 quae
916 2650 1116 2736 sanguinis
1141 2673 1179 2717 ss

138 2756 340 2837 opponunt
356 2747 587 2832 progressui,
602 2745 838 2812 celeritatem
860 2758 987 2818 motus
1001 2755 1184 2818 aestima-

140 2856 282 2920 verint.
306 2853 511 2918 Feliciores
530 2852 608 2915 sare
629 2857 739 2915 erant
760 2871 887 2916 eorum
917 2861 1100 2934 conatus,
1119 2859 1185 2944 qui

143 2964 233 3043 post
248 2957 289 3044 'H
304 2977 326 3020 a
338 2978 357 3020 r
368 2977 393 3020 v
406 2977 424 3019 s
436 2973 461 3040 y
473 2973 548 3018 um
582 2951 789 3022 aestimata
816 2958 1018 3040 sanguinis
1050 2963 1185 3044 copia,

139 3079 235 3146 quae
256 3057 408 3141 singula
423 3055 630 3120 ventriculi
653 3054 792 3124 eortioi
819 3059 964 3142 systole
984 3059 1027 3124 in
1049 3063 1187 3126 arteri.

140 3183 254 3230 osum
273 3167 446 3248 systema
465 3159 690 3252 projicitur,
712 3164 750 3222 et
781 3158 1025 3228 considerato
1054 3165 1186 3247 pulsu·

115 3319 117 3328 ι
141 3294 207 3338 um
231 3276 337 3339 intra
357 3275 500 3336 certum
519 3253 672 3353 tompus
703 3281 887 3349 numero,
926 3269 974 3334 ad
1007 3267 1185 3342 celerite-

140 3391 220 3448 tem
254 3383 383 3442 motus
414 3375 714 3449 concluserunt,
742 3371 835 3438 licet
864 3379 902 3438 et
941 3374 984 3440 hi
1012 3373 1185 3443 diversas

140 3481 376 3572 protulerint
396 3479 606 3544 sententias
629 3478 698 3563 ⁸¹⁸).
721 3479 826 3560 Quae
848 3485 975 3543 autem
1002 3500 1089 3544 cum
1112 3483 1185 3546 ali-

143 3608 219 3673 que
246 3587 311 3650 hio
341 3584 464 3648 statui
491 3585 668 3666 possunt
680 3579 978 3664 probabilitate,
997 3583 1184 3652 adducere

145 3710 247 3757 nunc
267 3691 458 3754 volumus.

232 3832 341 3918 r)Ea
365 3829 578 3912 generatim
600 3849 678 3894 esse
696 3827 811 3894 debet
833 3837 960 3896 motus
980 3834 1187 3918 progressi·

145 3935 190 4004 vi
204 3935 410 4004 velocitas,
433 3936 475 3994 ut
496 3936 669 4013 tempore
692 3929 825 3996 eodem
842 3933 1073 3998 tantundem
1097 3955 1185 4000 san·
1229 3971 1233 3976 -

149 4037 277 4126 guinis
298 4034 345 4102 ad
366 4035 470 4100 sinus
489 4033 614 4099 cordis
636 4035 863 4112 reducatur,
900 4039 1086 4121 quantum
1121 4059 1188 4123 per

145 4135 411 4206 uentriculos
400 4156 442 4200 sn
461 4135 624 4200 arterias
648 4140 894 4220 propellitur.
916 4136 953 4202 si
981 4158 1073 4208 vero
1102 4163 1186 4226 pro-

148 4242 274 4332 pertio
298 4261 342 4305 ss
365 4255 588 4326 quacunque
610 4237 763 4304 domum
782 4258 895 4306 cauea
911 4239 1031 4306 fuerit
1065 4247 1194 4324 subls-
