2912 5000
254 347 319 422 314
380 338 465 404 err
485 337 512 402 1.
523 337 626 468 ⁸(taur.
640 336 698 406 lv.
718 336 778 403 Du
800 349 958 404 enarer.
978 351 1029 408 sr
1047 351 1209 410 uxorea.

145 529 149 540 .
251 473 340 548 ram
361 481 533 562 copiam,
554 478 700 560 majora¹
721 478 840 546 etiam
858 478 1072 564 irrigantur
1095 481 1299 577 sanguinis

255 589 496 673 quantitate,
517 591 554 648 et
584 589 761 650 arescunt
787 585 939 668 penitus
978 591 1218 652 secernentia
1235 590 1298 661 vi·

254 709 360 757 scara
372 734 383 770 ,
407 689 509 752 vasis
528 685 759 772 sanguiferis
780 687 961 773 deligatis
985 689 1037 774 (ς.
1058 679 1169 780 2941).

336 874 501 938 Facilior
523 871 679 958 quidem
700 892 779 935 esse
799 869 954 935 videtur
974 893 1106 942 aarum
1124 853 1298 956 partiou·

248 954 379 1066 iarum
402 996 425 1066 a
444 959 629 1056 sanguine
645 991 811 1058 assessus
824 1013 835 1068 .’
857 973 994 1060 quibus
1017 974 1191 1038 diversae
1215 993 1298 1038 cor·

252 1080 359 1165 poris
378 1085 507 1162 partes
532 1076 768 1140 nutriantur.
800 1079 932 1144 Serum
960 1077 1064 1148 euim
1094 1077 1295 1167 sanguinis

156 1193 168 1208 ⁸
252 1184 438 1256 albumen
460 1180 694 1268 continet'et
718 1179 1024 1262 gelatinam,ve1
1045 1181 1182 1246 saltem
1206 1200 1300 1246 ana.

251 1288 381 1376 logam
403 1286 493 1354 huic
528 1283 788 1356 substantiam
817 1280 869 1364 (t.
901 1285 1023 1366 107.);
1050 1283 1138 1348 istis
1166 1267 1298 1350 autem

250 1387 478 1456 substantiis
502 1387 709 1470 pleraeque
747 1384 927 1460 animalis
960 1386 1131 1470 corporis
1167 1393 1311 1470 partes*

254 1491 457 1558 abundant
497 1485 574 1572 (σς.
607 1506 661 1570 99.1
690 1479 808 1571 soor).
843 1487 1078 1572 Principium
1106 1488 1298 1558 fibrosum

249 1593 537 1680 ,muscularibus
568 1590 679 1664 fibris
703 1595 759 1654 est
780 1589 977 1676 similem.
1002 1593 1120 1678 lot),
1150 1591 1300 1662 tendit·

251 1717 328 1783 que
359 1695 520 1781 lympha
554 1693 938 1778 coagulabilis2cum
961 1695 1002 1761 iu
1021 1693 1187 1763 solidam
1210 1695 1299 1764 abit

255 1796 449 1873 formam,
474 1798 514 1860 in
534 1797 722 1884 fibrosum
752 1801 899 1860 textum
934 1794 952 1880 (
966 1803 994 1874 §.
1020 1799 1149 1883 108.)„
1173 1801 1211 1860 et
1233 1797 1297 1868 in·

252 1902 391 1968 haeret
410 1902 513 1964 color
533 1901 647 1972 ruber
667 1899 844 1968 carnibus
868 1899 1086 1970 arctissime
1108 1899 1160 1982 (ς.
1188 1900 1300 1988 189),

203 2061 205 2068 .
254 2009 299 2070 ut
319 2003 413 2076 adeo
436 2002 719 2092 coagulabilem
741 2002 945 2086 lympham
969 2009 1005 2066 et
1022 2004 1179 2066 rubram
1207 2022 1299 2065 san-

246 2107 386 2190 'guinis
427 2112 578 2189 par-tem
607 2105 649 2168 in
683 2105 858 2169 carnium
895 2105 1153 2168 substantiam
1187 2103 1298 2170 abire

254 2209 397 2276 orarias.
432 2213 514 2274 Non
543 2207 914 2273 tamen·tenendum
946 2213 1026 2285 est,
1056 2208 1300 2290 reproducti·

254 2329 348 2375 vum
381 2331 625 2395 prooessum,
649 2311 714 2396 qui
744 2310 985 2392 bipoiaribus
1015 2308 1169 2394 quidem
1200 2309 1300 2392 regi·

248 2418 320 2478 rtur
340 2415 491 2478 viribus
513 2413 565 2495 (§·
585 2412 688 2500 79.),
711 2411 1053 2492 simpliciabsoivi
1084 2411 1299 2494 particula·

247 2530 343 2580 rum
362 2507 597 2579 attractione
627 2522 666 2576 et
688 2513 926 2594 repulsione,
950 2509 1148 2597 ipsamque
1170 2533 1295 2578 secreae

256 2617 407 2680 tionem
439 2617 632 2680 internam
663 2634 707 2676 ea
736 2615 886 2680 rat-iona
919 2615 1152 2696 contingere,
1184 2621 1228 2678 ut
1258 2635 1300 2678 o·

256 2719 359 2782 mnis
388 2739 476 2802 pars
499 2739 543 2780 ea
562 2717 638 2780 sibi
669 2717 806 2780 educat
828 2738 847 2779 a
868 2717 1054 2800 sanguine
1083 2717 1298 2799 principia,

254 2841 350 2906 quae
379 2819 456 2884 sibi
489 2819 629 2883 idonea
661 2825 761 2883 sunt.
802 2819 1049 2884 Aciioenim
1089 2814 1224 2884 vitalis
1255 2821 1298 2886 iu

254 2924 362 3014 omni
391 2922 564 3007 organici
604 2924 772 3006 corporis
810 2927 919 3006 parte
950 2943 1017 3004 per
1049 2923 1298 3008 sanguinem,

255 3023 388 3106 aliqua
406 3022 544 3086 saltem
562 3026 714 3088 ratione
736 3020 1003 3100 differentem,
1024 3023 1201 3090 suscitari
1232 3023 1297 3086 de-

254 3126 321 3190 bet
341 3165 351 3200 ‚
373 3125 697 3210 quemadmodum
726 3124 940 3194 Galvanioa
964 3123 1168 3204 prolicitur
1198 3128 1295 3188 eleo·

255 3225 431 3302 briaitar,
451 3228 518 3294 ubi
548 3221 709 3312 corpora
727 3227 992 3310 {heterogenea
1016 3226 1058 3288 in
1077 3231 1296 3300 contactum

166 3397 170 3405 Α
255 3331 421 3397 veniunt
446 3327 496 3422 (t.
522 3334 646 3418 230.);
667 3333 762 3405 haee
782 3336 912 3402 autem
939 3327 1040 3392 actio
1063 3335 1197 3394 mutua
1218 3329 1294 3394 aif-

254 3434 463 3500 ferentiam
496 3435 625 3518 ponit,
649 3435 790 3516 accidit
821 3431 1102 3517 principiorum
1131 3439 1295 3498 secessus

256 3544 466 3602 etnovum
492 3535 737 3608 connubium.
770 3537 851 3608 Etsi
884 3535 1003 3632 igitur
1036 3534 1186 3616 tlemus,
1213 3555 1294 3599 me-

253 3645 425 3706 moratas
455 3641 652 3728 sanguinis
676 3640 911 3706 substantias
941 3637 982 3702 in
1005 3629 1144 3702 solidas
1176 3647 1221 3703 et·
1243 3637 1294 3702 li·

255 3742 391 3830 quidus
414 3747 581 3830 corporis
602 3745 775 3830 organici
794 3747 923 3827 partas
949 3741 1125 3807 faciliore
1151 3741 1294 3818 tansire

253 3847 443 3932 negotio,
470 3849 614 3914 mutari
649 3855 780 3922 tamen
814 3867 876 3912 eas
910 3844 1045 3909 debere
1080 3845 1294 3925 oredimus,

254 3957 373 4038 prout
393 3970 548 4026 omnem·
564 3951 782 4027 materiem,
801 3955 845 4014 ut
863 3950 905 4014 in
925 3951 1148 4033 organicam
1168 3957 1296 4022 verta·

192 4055 197 4070 '
260 4059 325 4120 tur
341 4055 601 4128 substantiam
614 4099 627 4140 ,
640 4055 785 4122 mutari
804 4059 954 4142 oportet
968 4050 1019 4142 (t.
1031 4052 1121 4147 ⁷8·)2
