2922 4996
498 223 509 260 l

227 424 310 472 ¹noo
353 401 441 468 er.
460 397 488 464 1.
508 399 600 462 car.
622 391 667 460 11.
687 396 747 460 Dr
768 409 962 462 arrunnr.
980 409 1240 462 urensrronr.

236 552 319 624 est,
336 541 612 647 praecipitari,
632 541 826 625 siquidem
855 541 968 618 huius
1000 542 1111 626 copia
1128 544 1285 625 ‘exigua

72 676 74 684 ’
143 705 146 710 .
216 649 469 734 ‘tam'largae
500 646 595 710 bilis
622 644 858 728 quantitati,
879 644 985 708 intra
1015 645 1285 736 intestinalem

234 750 375 818 tubum
388 733 684 831 decomposita,
699 745 862 810 minime
880 746 1131 829 respondean
1145 743 1250 812 unde
1261 765 1286 810 a

234 851 424 940 peculiari
453 851 583 934 potius
605 850 683 934 ejus
708 847 891 931 principii
918 838 1059 912 nat'ura
1081 846 1133 934 (ς.
1151 868 1225 931 293·
1244 868 1286 912 n.

233 974 256 1040 3
272 960 362 1041 ),et
384 951 584 1038 singularix
597 971 682 1014 cum
703 949 931 1028 substantiis
954 953 1090 1026 certis,
1110 953 1179 1014 sub
1200 953 1287 1034 ipsa

235 1057 452 1142 digestione
478 1053 669 1139 generatis
692 1094 722 1150 ,χ
738 1051 972 1120 attractione
999 1055 1171 1138 chemica
1207 1054 1287 1138 ejus

235 1143 361 1242 repeti
396 1157 510 1220 debet
537 1157 639 1219 actio
670 1156 720 1243 i).
742 1187 744 1192 ·
764 1155 946 1218 Resinam
974 1156 1090 1232 hilis,
1118 1157 1287 1242 quaein

236 1259 410 1324 faecibus
443 1259 654 1340 reperitur,
677 1258 922 1340 aliquantum
946 1258 994 1320 ab
1024 1277 1096 1338 ea,¹
1119 1277 1216 1342 quae
1238 1260 1287 1323 ab

237 1363 355 1427 acidis
377 1363 463 1426 felli
490 1346 635 1428 additis
657 1359 860 1450 dejicitulx,
879 1359 1035 1452 differre
1054 1369 1168 1446 putat
1187 1365 1289 1428 BER·

237 1481 383 1530 zEst.
407 1468 499 1528 Cum
521 1488 566 1530 ea
583 1467 715 1530 resine
734 1465 955 1530 substantia
978 1465 1153 1552 jungitur
1175 1488 1289 1553 pecu·

238 1571 376 1649 liaris,
411 1591 506 1655 quae
536 1589 623 1634 oum
661 1590 761 1654 aqua
791 1592 811 1634 e
844 1569 1019 1636 faecibus
1049 1575 1293 1649 extrahitur,

236 1673 357 1758 inque
377 1671 542 1736 fundum
568 1671 759 1750 subsidit;
781 1672 946 1736 solvitur
964 1669 1058 1736 haec
1068 1718 1082 1752 ,
1100 1695 1123 1737 a
1144 1677 1292 1740 resino·

232 1797 282 1838 aa
312 1780 431 1857 parte*
454 1780 655 1855 separata,
681 1775 723 1838 in
747 1794 869 1864 aqua,
891 1779 1032 1852 ,estque
1062 1779 1209 1860 glutini
1240 1779 1293 1843 si·

240 1877 370 1954 milis,
394 1876 435 1939 in
469 1867 677 1940 eo‘tamen
709 1875 892 1941 differens
904 1919 914 1952 ‚
942 1878 1044 1964 quod
1076 1867 1292 1964 g'elatinem
1353 1891 1358 1902 '

240 1997 321 2042 non
345 1977 479 2054 sistat,
499 1999 568 2056 neo
585 1980 714 2050 tanini
734 2001 804 2062 ope
830 1970 1124 2063 praecipitetur.
1155 1985 1291 2048 Altera

240 2084 483 2158 substantia,
506 2103 623 2167 quam
642 2084 826 2148 viridem
854 2085 895 2148 in
915 2085 1100 2148 faecibus·
1122 2084 1294 2168 reperit,

241 2165 284 2248 in
307 2205 450 2270 aquosa
478 2185 630 2248 saecum
652 2185 848 2250 infusione
881 2185 1066 2261 solvitur,
1086 2207 1105 2250 e
1128 2207 1202 2272 qua
1223 2205 1295 2270 per

241 2290 425 2353 taninum
438 2333 450 2367 ,
472 2289 504 2352 si
527 2309 651 2370 pauca
675 2290 752 2372 ejus
773 2298 830 2354 est
851 2291 963 2374 eopia
977 2290 1140 2369 ,forme
1158 2290 1295 2373 pulve-

242 2391 297 2456 ris
318 2391 427 2454 rubri
439 2392 494 2468 ,si
517 2411 608 2456 vero
630 2391 819 2475 copiosior
838 2391 1184 2470 adest‚floecorum
1204 2393 1296 2456 bru-

88 2571 91 2579 ,
178 2537 183 2548 ·
244 2497 486 2560 nescentium
517 2496 641 2559 instar
674 2497 875 2579 dejicitun
900 2498 966 2559 Est
991 2495 1087 2560 haee
1112 2493 1297 2578 materies

144 2674 148 2680 ,
246 2599 366 2664 etiam
397 2597 573 2687 alcohole
596 2597 798 2677 solubilis3
817 2596 958 2678 accipit
983 2598 1064 2664 alte
1080 2584 1295 2664 ‘rubentem

246 2703 296 2766 ab
321 2701 442 2764 acidis
465 2703 656 2777 colorem3
680 2713 766 2763 oum
785 2699 972 2763 alcalibus
997 2699 1147 2763 nullam
1172 2699 1296 2778 ¹hahet

185 2805 188 2814 '
249 2805 522 2882 adfinitatem
551 2806 599 2868 ab
629 2803 767 2888 oxydis
794 2825 885 2868 vero
917 2803 1166 2868 metallorum
1196 2804 1296 2867 mul·

101 2951 137 2974 -.
246 2915 330 2972 tum
350 2909 589 2984 attrahitur;
613 2907 723 2972 ardet
747 2908 788 2971 in
810 2906 974 2975 flamme
996 2907 1144 2986 libera,
1166 2906 1297 2972 mittit

246 3013 419 3088 sumum,
437 3015 560 3096 spirat
577 2999 838 3088 ammonium,
862 3019 901 3076 et
924 3011 1112 3100 relinquit
1135 3013 1297 3088 cineres,

247 3123 407 3182 nstrum
436 3123 474 3181 et
500 3119 597 3182 sales
632 3122 830 3209 terrestres
856 3109 1137 3200 phos'phoricos
1153 3109 1301 3181 ‘conti-

248 3227 397 3298 nentee.
430 3226 565 3286 Censet
599 3228 730 3286 autem
763 3223 1022 3296 Butuntum,⁸
1038 3221 1299 3288 substantiam

166 3317 171 3330 ‘
247 3323 366 3387 istam
391 3345 409 3386 e
430 3326 560 3388 resina
578 3325 671 3388 bilis
694 3330 731 3388 et
751 3325 953 3387 albumine
971 3345 1037 3408 per
1061 3325 1160 3426 aeris
1181 3324 1300 3388 inllu·

249 3447 341 3492 xum
364 3431 432 3493 suh
458 3431 545 3513 ipsa
567 3430 788 3512 operatione
810 3429 983 3512 primum
1011 3427 1270 3513 generarit).
1296 3447 1300 3454 ·

271 3619 275 3626 ·
336 3591 388 3656 Ex
411 3589 496 3656 istis
518 3597 649 3656 autem
673 3589 767 3654 satis
788 3595 974 3675 apparet,
994 3587 1323 3656 inflammabilia.

252 3694 294 3758 in
317 3679 490 3758 faecib'u's
512 3693 719 3758 abundare.
744 3693 834 3758 Inde
854 3713 942 3778 ergo
958 3699 1021 3758 'est
1030 3733 1041 3768 ,
1063 3691 1302 3780 quodxsicce·

246 3803 316 3862 itae
335 3803 373 3862 et
394 3801 586 3862 ustulatae
616 3797 774 3862 flamma
796 3799 954 3862 tandem
985 3795 1147 3862 ardeant
1174 3795 1304 3862 inten-

253 3921 317 3974 sa,
341 3906 378 3964 et
400 3902 593 3981 copiosam
614 3901 777 3964 mittant
797 3883 1003 3983 fuliginem
1016 3920 1032 3980 3¹
1049 3897 1149 3984 quod
1170 3897 1306 3964 destil-

253 4001 401 4070 latione
428 4003 529 4066 sioca
561 4002 690 4066 oleum
725 4001 1099 4086 empyreumaticum
1130 4001 1303 4085 largian-

254 4107 342 4177 tur,
357 4111 394 4168 et
419 4107 533 4168 carbo
556 4103 735 4169 stercoris
747 4111 815 4180 ,ut
837 4118 1021 4168 uruntur
1038 4111 1076 4168 et
1100 4105 1308 4168 Homullo

255 4213 525 4293 compererunt
538 4252 550 4288 ,
572 4227 659 4272 cum
684 4207 857 4272 alumine
878 4207 920 4274 in
940 4187 1208 4297 pyrophonim
1230 4209 1300 4274 alr-¹
