2912 5000
246 376 357 442 secr.
370 369 399 444 1.
409 371 468 440 Du
490 379 801 438 ssessrrortrros
825 385 1080 442 causamme.
1143 392 1206 460 3¹5

250 517 385 582 Veram
404 520 533 582 autem
556 513 755 598 sanguinis
774 515 937 581 vitalem
961 519 1134 584 accidere
1164 520 1207 584 in

164 619 342 704 partibus
369 617 533 702 singulis
564 617 923 698 metamorphosin,
944 614 1006 683 ve'l
1030 623 1115 704 ipsa
1142 622 1208 688 do.

163 727 227 786 cet
247 721 391 786 ossium
409 718 594 784 formatio
617 717 668 800 (l.
691 719 807 802 ίιιο.);
834 726 938 790 tarra
958 722 1062 788 enim
1085 727 1209 802 calen-

162 847 231 894 rea
270 823 536 908 phosphorata
565 822 607 886 in
646 820 775 886 medis
811 823 1088 908 cartilaginum
1119 829 1207 901 sub,-

163 929 316 996 stantia
339 927 569 1008 deponitur,
592 942 687 1004 quae
708 923 750 990 in
769 925 975 1008 sanguine.
999 933 1111 991 lanta
1132 931 1208 994 sal.

161 1037 243 1096 tem
267 1028 400 1112 copia,
420 1025 591 1090 inveniri
614 1025 717 1090 haud
735 1032 872 1108 potest.
896 1026 987 1108 Quis
1008 1033 1209 1108 praeterea

164 1151 339 1216 unquam
361 1127 596 1212 principium
619 1127 810 1190 cholicum
831 1125 884 1208 (ς.
909 1146 984 1217 290.
1008 1148 1045 1193 n.
1074 1129 1130 1216 3.)
1142 1136 1209 1194 aut

163 1233 337 1312 arricum,
359 1230 531 1315 aliasque
552 1230 811 1308 substantias,
834 1232 875 1296 in
897 1231 1125 1296 humoribus
1146 1251 1205 1292 se-

164 1333 280 1400 cretis
309 1331 554 1414 reperibiles‚
577 1330 618 1396 in
648 1331 832 1414 sanguine
862 1333 1007 1398 detexit
1027 1331 1042 1394 i
1066 1331 1203 1416 Negari

160 1443 294 1502 tamen
325 1454 404 1499 non
430 1434 774 1516 potest‚.polarem
805 1435 1002 1517 sanguinis
1038 1435 1208 1499 indolem

161 1536 479 1610 secernendorum
500 1535 707 1600 humorum
730 1537 996 1622 quadantenus
1021 1535 1205 1604 determi-

161 1663 258 1710 nare
279 1647 459 1708 naturam
489 1637 540 1722 (§.
565 1639 682 1721 103.)‚
703 1645 746 1704 ut
772 1638 865 1704 adeo
898 1642 1059 1727 oxydati
1081 1643 1206 1726 magis

163 1747 302 1814 latices
331 1745 372 1808 in
402 1742 555 1828 organis
582 1748 764 1826 parentur
797 1742 903 1807 cordi
926 1745 1181 1810 vicinioribus

167 1847 231 1908 vel
251 1845 387 1909 saltem
408 1844 548 1922 maiori
570 1841 693 1907 cordis
715 1841 905 1926 impulsui
926 1844 1107 1927 subjectis
1133 1844 1208 1924 (sa·
1326 1862 1332 1874 “

166 1947 268 2023 live,
292 1945 496 2026 lacrimae,
515 1965 668 2022 mneos,
681 1944 823 2009 humor
843 1945 1031 2028 gastricus
1054 1953 1092 2010 et
1109 1965 1205 2029 pan·

160 2045 379 2122 creatione,
411 2047 609 2110 exhalatio
645 2047 811 2127 sarosa);
835 2068 878 2111 ea
910 2069 999 2112 vero
1035 2069 1204 2134 organa,

136 2171 265 2240 ·quae
286 2152 465 2214 humores
483 2154 703 2223 secernunt,
715 2147 1064 2214 inflammabilibus
1086 2153 1206 2215 ebun-

165 2251 304 2316 dantes
327 2251 471 2334 (bilem
482 2293 492 2326 ,
503 2249 676 2323 urinam,
692 2248 992 2332 pinguedinem,
1010 2251 1088 2327 lac,
1103 2251 1222 2335 sper·'

39 2396 45 2411 .
165 2374 255 2430 ma,
277 2353 532 2438 per-spirabile
555 2353 689 2434 cutis),
711 2352 899 2436 sanguine
921 2353 1133 2438 irrigentur
1156 2359 1204 2421 ab

169 2456 359 2521 arterioca
387 2454 518 2520 indole
550 2454 673 2536 magis
703 2453 923 2526 recedente,
949 2475 971 2518 a
995 2457 1105 2524 corde
1122 2459 1207 2524 ,sint

156 2559 402 2644 remotiore,
420 2576 488 2628 nec
509 2562 663 2622 tanturn
685 2556 764 2636 eius
789 2556 1037 2647 experiantur
1060 2556 1205 2642 impul·

168 2677 267 2726 sum.

249 2809 494 2874 Contrarium
515 2809 581 2895 qui
603 2815 757 2890 tenent,
779 2808 933 2887 dicunt,
953 2811 1033 2874 fere
1053 2801 1205 2900 omnem

165 2914 367 2979 humorem
390 2934 456 2997 per
476 2913 725 3000 quodcunque
744 2933 915 2998 organon
936 2915 977 2978 in
997 2913 1210 2998 aegritudi-

163 3019 228 3080 nis
248 3022 352 3081 statu
376 3015 549 3099 separari
581 3037 691 3101 posse
724 3017 797 3103 ”).
829 3001 1113 3100 Perepiratione
1143 3037 1206 3080 ex·

154 3121 278 3188 ¹terne
299 3117 471 3180 cohibita
492 3117 660 3195 salivas,
681 3119 818 3184 urinae
838 3129 906 3184 aut
927 3119 1013 3183 tubi
1049 3119 1203 3184 intesti-

154 3217 266 3283 =nalis
297 3211 549 3283 secretionem
584 3221 746 3304 augeri.
772 3222 834 3286 vel
866 3222 1057 3307 hydropes
1089 3221 1206 3299 oriri3

167 3321 344 3387 cohibito
366 3322 520 3407 hepatis
541 3344 700 3389 munere
718 3327 815 3391 alios
836 3327 1015 3391 humores
1045 3326 1122 3390 hile
1145 3327 1206 3390 in·

161 3424 343 3510 quinari3
360 3426 610 3490 secretionem
633 3429 743 3493 lactis
756 3473 767 3507 ,
789 3429 934 3498 fluxum
961 3433 1201 3492 menstruum

163 3533 237 3592 etc.
257 3529 476 3614 frequenter
495 3529 660 3594 deviare.
683 3535 732 3595 At
751 3533 921 3596 vicarias
940 3533 1014 3596 hae
1028 3531 1205 3596 secretio-

161 3650 251 3709 ωε,
271 3634 364 3698 licet
386 3633 591 3700 eliminare
620 3635 771 3718 possint
800 3637 993 3719 principia
1009 3657 1076 3718 per
1102 3653 1205 3698 mor-

161 3735 256 3804 bum
284 3741 458 3807 retenta,
481 3755 503 3796 e
535 3737 775 3801 normalibus
808 3737 961 3821 penitus
996 3737 1204 3802 abhorrent

153 3839 467 3917 ·secretionibus;
488 3859 555 3902 nec
574 3861 704 3902 veram
727 3861 804 3905 esse
826 3841 978 3905 urinam
991 3859 1111 3925 ‚quae
1133 3840 1206 3906 im·

146 3947 308 4030 (peditis
336 3944 412 4008 viia
443 3947 634 4009 consuetis
671 3965 736 4028 per
769 3947 923 4021 alvum,
952 3965 1019 4028 per
1050 3947 1203 4016 cutem,

163 4069 232 4134 per
253 4065 441 4112 mammas
461 4053 531 4110 etc.
551 4048 703 4113 excerni
726 4048 824 4112 solet
845 4049 903 4133 a),
920 4049 1031 4112 nobis
1050 4065 1202 4128 persua·

165 4173 251 4218 sum
279 4154 578 4228 habemusrnee
612 4150 781 4236 amplius
817 4151 974 4218 credunt
996 4147 1198 4232 pathologi

160 4260 226 4324 lac,
243 4269 505 4344 repercussum
532 4277 598 4342 per
617 4259 712 4332 trias
749 4257 948 4333 salivales,
969 4273 1037 4342 per
1060 4255 1204 4334 cutim.
