2892 5004
275 415 314 473 re
355 395 443 464 Lus.
460 395 489 463 1.
503 398 591 466 car.
600 397 629 464 1.
647 397 708 464 Dr
723 412 920 469 seruum.
945 417 1224 474 sosvurroun.

274 563 352 609 uno
393 543 515 610 etiam
559 545 740 612 alimenti
771 565 908 632 genere
939 548 989 614 ad
1029 512 1140 616 aliud
1181 551 1336 636 possint

274 649 456 717 transire.

279 803 282 812 ’
358 789 482 882 Homo
523 825 652 884 autem
682 819 785 885 inter
815 821 978 897 omnia,
1010 817 1330 908 quae'novimus

273 923 484 1000 animalia,
508 919 733 989 omnivorus
755 925 925 989 maxime
945 929 1005 990 est
1027 921 1091 1009 (ς.
1105 935 1158 1011 45.
1181 948 1220 991 n.
1243 929 1328 1018 3.),

219 1027 221 1034 ’
274 1028 393 1106 adeo,
423 1034 466 1094 ut
495 1027 647 1114 ingenti
671 1027 814 1112 dapum
844 1031 1058 1110 verietate,
1083 1051 1127 1094 ex
1158 1037 1327 1116 utroque

270 1132 392 1217 regno'
426 1131 628 1210 desumta,
664 1133 896 1212 luxuriare,
926 1141 1041 1220 atque
1074 1135 1302 1200 unicofere
1321 1139 1360 1218 ‚'

272 1235 478 1326 eodemque
510 1226 801 1322 simplieis'simo
821 1237 932 1304 victu
961 1261 1075 1305 sanus
1101 1247 1140 1305 et
1159 1248 1318 1325 vegetus

271 1341 404 1408 vivere
434 1341 558 1425 possit
589 1339 660 1426 ⁴⁸).
703 1341 874 1405 Fuerunt
907 1348 1063 1418 tamen,
1096 1343 1162 1429 qui
1187 1341 1323 1408 herbi-

269 1435 497 1510 vorum'aut
519 1445 766 1510 carnivorum
782 1447 1093 1528 pronuntiarunt
1106 1445 1321 1521 hominem,

268 1545 390 1611 variis
410 1553 563 1613 utentes
586 1549 825 1632 argumentis
848 1550 906 1633 a).
929 1553 1023 1614 Eam
1043 1573 1135 1617 vero
1166 1550 1322 1636 generis
1368 1608 1375 1624 ,

266 1648 435 1733 humani
463 1651 777 1736 praerogativam
807 1651 894 1734 ipsa
914 1654 1096 1736 ostendit
1125 1655 1325 1740 experien-

267 1753 351 1828 tia,
377 1759 415 1819 et
434 1745 544 1818 docet
562 1755 736 1838 partium
755 1756 1030 1823 conformatio.
1067 1757 1192 1822 Mixto
1214 1756 1323 1820 enim

270 1855 356 1920 cibo
386 1858 511 1923 cultae
533 1862 696 1923 utuntur
719 1859 899 1932 nationes
929 1862 1075 1947 absque
1105 1851 1324 1927 incommo-

247 1958 342 2048 d03
364 1957 507 2025 dantur
539 1961 630 2030 dein
651 1962 808 2047 populi,
827 1963 894 2047 qui
920 1963 1134 2036 hodiedum
1161 1970 1321 2049 vegeta·

151 2059 160 2070 ”
266 2062 412 2128 bilibus
443 2064 557 2130 unice
585 2071 818 2143 vescuntur,
851 2067 978 2132 solani
1005 2067 1231 2141 tuberibus,
1256 2087 1319 2131 ca·

266 2169 450 2248 staneis',
482 2170 673 2258 dactylis,
701 2169 857 2236 lichene
869 2171 1036 2246 ,⁴herbis
1060 2217 1071 2252 ,
1099 2172 1319 2246 radicibus,

265 2273 507 2358 glandibus,
538 2274 719 2340 contritis
745 2276 945 2340 'arborum
978 2268 1188 2340 corticibus
1222 2279 1294 2338 eto.
1309 2316 1322 2350 ,

154 2423 156 2432 ,
221 2417 225 2432 «
267 2384 508 2464 estquevero
531 2375 683 2454 simile,
705 2378 850 2444 nostris
881 2378 1151 2462 aboriginibus
1174 2377 1321 2444 diu-vi·

265 2487 370 2545 ctum
388 2481 509 2546 fuisse
530 2480 751 2564 simplicem
774 2485 813 2544 et
828 2467 1087 2575 vegetabilem
1106 2483 1170 2572 b).
1191 2481 1321 2548 Mauri

266 2583 450 2650 nomades
487 2586 568 2650 fere
601 2584 869 2668 solo'gummi
903 2586 1117 2667 senegalico
1151 2586 1319 2662 vivunt;
1437 2597 1438 2608 ¹

266 2687 347 2752 imo
371 2686 517 2774 dantur
533 2686 689 2772 populi,
712 2687 802 2770 qui,
824 2691 870 2750 ut
890 2687 960 2751 cel.
982 2689 1209 2752 Humnotnr
1229 2703 1318 2751 cum
1437 2703 1438 2708 ’

259 2791 437 2876 pluribus
473 2791 564 2857 aliis
592 2788 953 2874 peregrinatoribus
977 2791 1117 2868 refert,
1140 2811 1207 2874 per
1227 2789 1316 2872 plu·

260 2914 322 2960 res
347 2915 520 2976 menses,
550 2895 619 2958 ubi
638 2891 820 2971 *aliorum
849 2892 1125 2957 alimentorum
1156 2890 1313 2976 patiun-

258 3005 326 3065 tur
347 2999 539 3068 defectum
553 2993 804 3084 ,pinguicula
831 2997 959 3059 terrae
980 2991 1209 3078 argillaceae
1229 3013 1318 3075 spe-

262 3105 321 3168 cie
346 3101 488 3195 vivunt
508 3105 563 3190 c).
596 3097 914 3168 Kamtsatkaett
935 3087 1102 3162 aliorum
1132 3097 1316 3164 littorum

146 3273 150 3280 ,
260 3209 414 3294 accolae
445 3203 639 3292 piscibus,
660 3208 731 3272 alii
755 3199 1099 3290 carnibus'meris,
1122 3202 1314 3266 barbarae

136 3395 139 3404 1
260 3309 475 3374 nonnullae
495 3315 628 3394 gentes
652 3307 901 3392 (Samojedi‚
921 3295 1205 3391 Esquimotae)
1230 3323 1314 3369 car·

258 3411 375 3498 nibus
396 3412 546 3492 crudis,
566 3411 733 3498 dentque
756 3410 829 3519 alii
846 3412 947 3514 lacte¹
963 3428 1068 3473 mero
1089 3413 1311 3472 vescuntur.

341 3577 380 3642 Si
399 3597 489 3664 vero
512 3576 561 3640 ad
579 3571 963 3658 fabricampartium
983 3579 1161 3638 nostrum
1184 3579 1313 3638 trans·

254 3677 421 3744 serimus
444 3675 674 3760 consilium,
699 3681 781 3741 tum
801 3676 991 3742 cernimus
1011 3677 1212 3744 bominem
1234 3697 1314 3740 me-

257 3781 368 3845 dium
393 3787 526 3846 tenere
550 3781 652 3844 inter
675 3778 877 3846 carnivora
898 3785 937 3844 et
955 3779 1164 3844 herbivora
1183 3779 1314 3844 locum

258 3882 320 3967 d).
349 3883 503 3948 Etenim
519 3883 658 3949 ⁴dentes
674 3883 794 3977 habet
817 3882 982 3948 mixtosr
1010 3883 1215 3966 angulares
1237 3881 1313 3948 tri·

257 3987 495 4070 cuspidales,
525 3987 738 4052 carnivoris
750 4029 763 4068 ,
784 3992 822 4050 et
852 3987 1018 4052 molares
1039 3988 1199 4068 planos,
1223 3985 1313 4050 her·

255 4089 409 4156 bivoris
450 4089 639 4172 proprios.
681 4080 912 4154 Mandibula
944 4090 1118 4154 humana
1159 4087 1312 4154 variam

256 4194 378 4260 babet
410 4191 700 4268 mobilitatem,
718 4199 762 4257 ut
792 4191 886 4258 adeo
918 4197 1047 4259 motus
1070 4211 1224 4266 omnes,
1244 4190 1313 4274 qui

254 4297 359 4394 apud.
379 4296 578 4383 zoophaga
602 4302 641 4366 et
669 4297 929 4388 phytopbaga
950 4295 1154 4374 obtinent,
1183 4291 1312 4382 possi·
