2956 4996
221 416 328 482 seor.
349 413 407 482 lv.
432 417 491 482 De
514 430 657 482 vrsssr
679 429 895 486 essemus.
918 431 1097 495 erstem.
1139 440 1201 508 eos

599 595 629 666 5·
664 604 740 671 339·

156 771 558 861 Respirationis
588 770 810 840 influxus
843 773 894 840 in
922 775 1200 852 circuitum

528 879 826 962 sanguinis

237 1043 290 1110 Ex
313 1043 384 1122 iis,
416 1058 512 1130 quas
542 1043 717 1128 superius
740 1039 761 1128 (
771 1045 818 1124 §l-
840 1061 920 1132 330.
948 1051 1057 1146 332.)
1090 1053 1198 1127 dicte

156 1153 268 1222 suut,
300 1145 397 1212 setis
426 1151 610 1228 apparet,
641 1147 937 1231 respirationem
969 1156 1017 1220 ad
1045 1177 1200 1241 promo.

156 1248 324 1315 sendum
354 1247 554 1332 sanguinis
587 1248 793 1314 circuitum
830 1253 1022 1338 insignem
1054 1254 1199 1330 habere

156 1351 358 1417 influxum.
391 1353 458 1416 Est
485 1355 615 1415 autem
645 1353 805 1433 relatio,
826 1373 941 1442 quam
970 1361 1200 1444 pulmonum
1328 1415 1332 1422 ,

154 1455 249 1520 haec
266 1453 417 1518 functio
439 1449 695 1536 insanguinis
717 1453 836 1522 habet
863 1465 1028 1540 motum,
1040 1463 1202 1551 duplexs

158 1554 386 1622 mechanica
411 1559 449 1618 et
473 1555 622 1620 vitalis.
655 1557 814 1638 Alterns
837 1562 942 1627 enim
971 1565 1202 1648 pulmonum

159 1657 323 1724 diastole
356 1659 394 1722 et
420 1657 566 1743 systole
597 1655 664 1738 (ς.
686 1673 760 1742 327.
784 1661 803 1745 )
830 1679 994 1748 parvum
1015 1665 1201 1744 ‚humoris

157 1760 367 1836 circulum,
391 1771 503 1844 quos
528 1758 639 1824 corde
671 1757 805 1830 dextro
835 1765 877 1830 in
898 1765 1199 1839 sinistrum'fer·

156 1868 235 1942 tur,
245 1859 643 1943 plurimum'edjuvet.
665 1865 787 1930 Docet
798 1865 1200 1960 idHookeianum,
1242 1923 1243 1930 κ

156 1963 577 2050 experimentumque
601 1969 940 2044 constat,thorase
964 1979 1002 2038 et
1023 1975 1201 2044 ebdomi-

86 2047 90 2054 ⁸
154 2087 203 2133 ns
222 2069 301 2130 lete
322 2069 465 2151 apertis
477 2111 489 2149 ‚
511 2090 554 2134 ac
580 2069 774 2156 legitimis,
798 2075 1068 2158 respirationis
1090 2104 1201 2170 orga-

155 2173 217 2236 nis
239 2170 468 2253 destructis,
488 2173 576 2237 atre
597 2175 639 2238 in
669 2178 869 2260 pulmones
893 2181 1054 2263 inflato,
1077 2189 1202 2256 cordis

154 2273 312 2338 restitui
332 2278 585 2357 motum,per
607 2274 800 2362 integram
817 2281 936 2346 etiem
950 2285 1088 2352 horem
1111 2297 1201 2356 s'on·
1285 2297 1290 2308 '

154 2375 398 2440 servendum.
430 2375 528 2442 Hine
557 2377 679 2442 etiam
712 2386 792 2460 est,
815 2383 911 2467 quod
943 2390 1201 2472 respiratione

155 2479 349 2554 cohibita,
368 2479 617 2564 pulmonibus
650 2483 856 2550 obstructis
879 2493 946 2554 aut
977 2510 1204 2583 quacunque

156 2583 308 2648 ratione
340 2581 563 2667 imperviis,
588 2585 761 2652 maxima
787 2594 996 2658 nascentur
1026 2599 1133 2662 cordi
1165 2609 1204 2668 st

156 2685 359 2770 sanguinis
377 2687 502 2750 motui
523 2685 780 2768 detrimentem
801 2693 977 2777 quamvis
995 2695 1202 2780 edsuelieri

156 2798 299 2858 natura
327 2789 449 2873 possit
479 2791 625 2856 minori
647 2787 865 2875 'trajectui,
898 2802 942 2860 ut
973 2799 1015 2864 in
1049 2803 1203 2886 phthisi

74 2901 79 2912 ’
155 2893 376 2979 pulmonali
398 2913 513 2976 saepe
533 2895 735 2961 cernimus.
771 2898 896 2990 Major
919 2902 1053 2987 utique
1074 2909 1201 2978 cordis

157 3003 215 3060 est
243 2999 413 3078 potestas
434 2995 477 3058 in
498 2996 698 3078 sanguinis
731 3009 882 3068 motum
905 3024 1019 3088 quem
1051 3012 1203 3091 pulmo·

156 3117 273 3175 num3
298 3097 376 3162 imo
402 3095 641 3163 advertimus
665 3099 791 3182 ipsam
820 3105 941 3170 etiarn
971 3111 1202 3194 respiratio·

155 3216 244 3262 nem
264 3217 331 3280 per
350 3198 514 3263 vitalem
542 3198 621 3278 ejus
645 3203 784 3286 organi
807 3201 958 3274 motum'
986 3211 1200 3293 plurimum

157 3299 437 3386 determinari,
458 3300 576 3376 adeo,
595 3307 639 3366 ut
658 3304 818 3388 spiritus
841 3306 1005 3376 ducendi
1022 3311 1201 3390 officium

158 3405 205 3468 de
223 3402 331 3466 omni
353 3401 476 3468 cordis
490 3399 708 3470 adfectione
727 3426 815 3474 mox
833 3413 1044 3498 participet
1056 3437 1066 3494 ς
1080 3422 1201 3494 etiem

155 3509 431 3593 petrensem,
454 3515 643 3592 quatenus
674 3509 964 3597 diaphragmati
994 3519 1200 3607 alliditur,

45 3643 48 3652 Δ
157 3611 427 3696 respiratorios
447 3613 606 3678 suscitet
627 3620 754 3680 motus
765 3659 777 3694 ,
796 3618 897 3684 unde
923 3619 965 3685 in
989 3627 1199 3714 embryons

156 3717 320 3780 necdum
345 3717 578 3800 respirante,
601 3724 727 3783 motus
752 3721 894 3806 aliquis
917 3725 1133 3800 advertitur
1154 3736 1201 3804 in

156 3817 407 3906 pulmonibus
427 3819 665 3901 periodicus,
688 3823 913 3908 irregularis
934 3831 1084 3898 tamen.

239 3979 370 4048 Altera
389 3945 659 4066 respiratiod'is
689 3983 733 4051 in
763 3985 962 4074 'sanguinis
993 3993 1200 4076 circuitum

156 4085 297 4156 relatio
330 4103 372 4150 ea
401 4091 476 4160 est,
499 4080 599 4171 q'uod
631 4089 833 4156 humorem
864 4092 1025 4160 vitele'm
1052 4098 1200 4180 princi·

157 4187 232 4275 piis
252 4189 425 4265 imbuet,
448 4189 585 4274 quibus
607 4186 833 4262 differentia
860 4193 939 4277 ejus
968 4203 1129 4288 augetur
1157 4215 1199 4278 st

156 4293 327 4378 positiva
354 4291 546 4362 incitandi
581 4293 640 4362 vis
655 4337 667 4376 ,
698 4299 874 4386 quodque
900 4285 1122 4388 sapitisne
1155 4307 1204 4384 in,

945 4407 1018 4475 Te
