2898 4992
435 431 545 502 secr.
566 429 596 506 Ι,
618 433 677 500 Dr
698 447 838 538 conat.
1089 440 1148 514 aas

112 569 314 659 Capacitas
338 572 441 637 sinus
465 573 591 640 dextri
612 576 659 639 ad
686 576 908 650 sinistrum,
936 577 980 640 ut
1002 575 1151 640 serre·

55 727 58 734 .
109 691 207 744 lum
228 679 366 742 statuit
378 719 389 754 ,
410 699 447 744 sa
465 677 585 746 habet
598 686 640 744 ut
656 697 697 761 72
719 697 740 763 5
761 683 819 766 a).
841 677 1064 743 Substantia
1084 699 1152 764 pa·

107 780 251 846 rictum
272 779 421 864 duplici
445 782 662 847 absolvitur
680 782 995 846 membranarum
1015 779 1156 846 stratui

110 884 308 947 internum
340 880 565 965 producitur
599 905 619 949 a
650 885 759 962 venis
791 882 924 960 cavia,
954 887 1154 950 externum'

107 987 317 1075 pericardii
331 989 596 1074 estproductio
608 1011 620 1070 ς
631 989 862 1077 interjacent
880 987 1056 1059 fasciculi
1068 1007 1153 1061 mu·

106 1099 275 1164 oculares
305 1096 486 1174 discreti,
514 1096 663 1179 obliqui
686 1103 725 1162 et
745 1097 978 1174 transversi,
1001 1095 1066 1182 qui
1085 1115 1162 1160 va·.

108 1201 171 1265 ria
193 1221 231 1264 se
257 1200 457 1294 decussant
485 1200 663 1278 ratione,
684 1199 888 1294 ipsumque
919 1199 1063 1264 atrium
1084 1215 1151 1282 per

106 1297 263 1372 omnem
292 1308 479 1392 stringere
503 1307 639 1372 valent
666 1305 947 1376 dimensionem
970 1306 1030 1392 b).
1049 1307 1150 1390 lpse

106 1415 240 1476 autem
268 1411 505 1476 auricula
542 1409 706 1488 dextra,
736 1412 892 1496 proprie
930 1409 988 1476 ita
1026 1409 1151 1494 dicta,

105 1512 269 1576 sinistra
288 1531 436 1600 quoque
460 1513 647 1598 amplior,
667 1520 801 1600 utpote
821 1514 915 1579 atrii
941 1513 1152 1598 appendix,

106 1636 271 1703 cumque
290 1619 378 1682 sinu
397 1637 465 1700 per
485 1618 626 1682 ostium
645 1619 838 1702 peculiare
860 1617 1151 1685 communicans

105 1722 197 1804 b'),
219 1722 375 1805 trigona
389 1726 451 1786 'ast
478 1727 516 1786 et
541 1722 756 1808 pyramidis
781 1723 905 1788 instar
926 1723 1151 1794 acuminata

107 1829 160 1910 cla
173 1827 276 1890 intus
298 1825 495 1909 fasciculos
514 1827 632 1892 habet
649 1827 879 1892 musculares
897 1826 1030 1892 variae
1052 1847 1154 1892 crasa

108 1928 239 2004 eitiei,
261 1930 500 1994 reticulatim
527 1932 798 2013 complicatos,
823 1931 1153 2014 palmaeformes,

104 2033 341 2115 parallelos,
359 2033 571 2122 decuriatos
590 2035 652 2098 vel
674 2053 844 2100 ramosos
872 2034 1150 2100 constituentes

106 2135 334 2220 arcus,qui
363 2138 577 2205 musculi
604 2135 864 2220 pectinati
893 2135 1074 2202 dicuntur
1095 2138 1148 2224 d).

189 2277 407 2362 Seiungltur
438 2279 544 2344 sinus
582 2278 713 2356 dexter
746 2269 769 2342 ἐι
799 2278 958 2342 sinistro
983 2293 1051 2362 par
1086 2301 1156 2346 se·

105 2387 249 2468 ptum
284 2383 1154 2465 atriorum,laeveetplanum,aeinuum

105 2487 344 2552 membranis
374 2487 560 2566 internis,
590 2473 728 2573 quibus
758 2489 930 2560 tenerae,
961 2489 1154 2558 transver-

107 2611 172 2658 eaa
198 2599 234 2655 et
262 2591 463 2675 obliquae,
483 2609 597 2676 seque
627 2593 763 2656 mutuo
795 2587 1060 2664 decussantes,
1090 2588 1151 2652 in-

105 2695 320 2778 terpositae
351 2700 440 2759 sunt
468 2693 590 2758 fibrae
628 2693 891 2770 mussulam,
925 2692 1152 2762 conflatum.

105 2797 332 2866 Advertitur
353 2797 394 2862 in
418 2797 492 2863 hoc
513 2803 621 2880 septo
642 2797 690 2862 fo
704 2817 793 2861 vea
819 2819 840 2861 o
859 2798 996 2862 valis
1009 2839 1019 2872 ,
1046 2799 1150 2863 fora-¹

107 2897 229 2960 ruinis
246 2899 368 2962 ovalis
381 2899 442 2978 ,in
463 2899 571 2963 foetu
590 2897 716 2982 patuli
729 2942 741 2976 ,
754 2897 983 2981 vestigium,
996 2899 1034 2962 li
1047 2899 1153 2963 mbo

106 3020 291 3071 carneo
324 3023 388 3066 seu
420 3002 610 3066 isthmo
647 2999 1152 3084 Vieusenii,integrum

107 3121 222 3192 saepe
255 3093 441 3168 annulum
478 3101 701 3178 efficiente,
734 3103 905 3186 superius
944 3104 1149 3180 crassiore,

107 3205 280 3274 cinctum
303 3207 358 3285 e).
382 3205 490 3270 Ultra
519 3225 604 3270 eam
627 3206 802 3281 foveam,
826 3205 943 3293 paulo
966 3205 1150 3290 inferius,

107 3307 296 3384 ostium
319 3314 549 3372 astvenae
572 3327 723 3374 cavae
751 3305 1058 3393 interioris,
1080 3311 1150 3384 an÷

106 3415 275 3477 trorsum
311 3417 349 3475 et
382 3409 649 3484 dextrorsum,
690 3431 765 3496 qua
796 3409 950 3474 foveam
997 3412 1150 3478 ovalam

105 3513 253 3599 spectat
265 3559 275 3593 ,
287 3516 373 3578 velo
392 3513 619 3579 semiluneri
629 3559 640 3592 ,
651 3534 718 3578 seu
743 3535 767 3580 v
780 3534 802 3578 a
815 3511 898 3580 l·v·u
910 3516 922 3579 l
932 3535 955 3579 a
976 3517 1003 3584 E
1017 3538 1066 3582 us
1080 3523 1096 3582 t
1110 3539 1165 3596 aq,

108 3615 192 3680 chi
205 3617 219 3680 i
232 3660 243 3692 ,
257 3615 490 3681 custoditum
504 3616 555 3701 f).
578 3615 748 3685 Validior
772 3635 816 3680 ea
833 3617 990 3682 valvula
1003 3618 1045 3682 in
1066 3619 1151 3683 loe-

102 3723 149 3782 tu
168 3739 248 3782 esse
267 3720 394 3784 suevit
414 3740 528 3806 quam
549 3719 590 3784 iu
611 3706 972 3795 adultis,'diversaa
995 3721 1149 3793 exhibet
1247 3779 1249 3784 .

105 3821 312 3886 varietates
333 3823 378 3904 g)
392 3861 406 3904 ,¹
421 3825 483 3888 vel
502 3823 657 3907 penitus
680 3823 799 3888 etiam
823 3823 955 3889 deficit
975 3823 1039 3905 b).
1071 3819 1147 3886 lm-

107 3921 220 4009 pedit
242 3923 396 4008 quidem
425 3925 584 3990 valvula
611 3923 808 4000 Eustachii
834 3945 904 4009 pro
932 3927 1040 4008 perte
1073 3926 1148 3989 ali·

111 4047 192 4115 qua·
219 4027 416 4112 sanguinis
448 4027 489 4094 in
520 4052 661 4096 venam.
685 4051 817 4098 cavam
843 4030 1068 4112 inferiorem
1091 4051 1150 4096 re·

105 4129 469 4215 gressum,minime
491 4137 621 4226 tamen
638 4134 790 4215 penitus
815 4136 929 4208 arcet,
941 4118 1052 4198 tanto
1066 4117 1150 4218 qui·

106 4234 196 4299 dem
214 4232 360 4309 minus,
388 4253 474 4298 cum
497 4227 715 4318 frequenter
738 4233 946 4302 reticulata
965 4239 1034 4300 aut
1060 4255 1147 4327 par-

80 4349 84 4361 ’
107 4333 240 4422 §orate
258 4331 491 4420 inveniatur·
514 4337 557 4402 lu
572 4336 757 4451 inferiore
777 4332 1034 4418 etposteriore
1053 4331 1151 4416 eiua·
