2922 4996
278 425 321 498 94
341 403 448 478 ω.
468 409 496 472 1.
517 403 733 472 cauit-Dr
755 405 949 470 scrutur.
968 419 1228 472 ursusrrorr.

277 539 384 625 culus
395 599 407 634 ‚
428 555 568 639 hepar,
587 551 668 617 lien
680 593 690 628 ,
711 553 945 629 intestinum
979 573 1169 637 crassum,
1201 554 1331 618 vesica

277 661 480 750 urinaria,
496 661 653 749 uterus)
678 655 832 746 variam
863 649 1084 740 exacuerint
1109 657 1151 722 in
1181 657 1328 722 mobile

277 761 509 830 intestinum
528 759 768 850 pressionem
793 757 871 842 “).

363 925 407 988 ln
426 922 624 988 nonnullis
645 917 859 985 individuis
881 940 1074 1003 processus
1092 940 1156 986 sau
1182 939 1327 1004 appen-

281 1027 386 1092 dices
397 1047 528 1090 caecae
539 1067 549 1103 ,
562 1023 819 1110 longitudinis
841 1031 879 1088 et
901 1023 1046 1108 figurae
1060 1023 1232 1089 diversae
1243 1067 1254 1101 ,
1265 1035 1327 1096 te·

218 1171 220 1178 ι
279 1134 350 1198 nui
369 1133 580 1208 intestino,
600 1131 725 1196 rarius
755 1149 879 1194 crasso
912 1129 1191 1217 adhaerentes,
1222 1153 1331 1214 repe-

280 1237 471 1314 riuntur,
501 1255 599 1321 quae
642 1233 802 1297 eandem
831 1232 1202 1315 prorsusexhibent
1241 1243 1331 1297 cum

280 1339 363 1420 ipso
385 1337 573 1398 intestino
594 1335 808 1411 fabricam,
829 1337 992 1422 suntque
1011 1331 1204 1416 glandulis
1237 1353 1325 1396 mu·

279 1439 418 1522 ciparis
439 1439 614 1512 refertae.
637 1437 696 1501 Ad
718 1437 897 1509 innatas,
916 1455 996 1499 non
1013 1455 1103 1500 vero
1129 1438 1332 1503 morbosae
1387 1511 1394 1522 .

283 1545 552 1608 deformitates
595 1543 665 1606 has
691 1529 892 1624 ipertinere
932 1539 1196 1625 elongationes
1215 1579 1236 1620 ,ι
1256 1541 1329 1606 cel.

273 1642 560 1713 simulamus
583 1642 833 1728 ostendite).

199 1890 200 1902 ἵ
330 1805 507 1884 ¹lisdem
531 1803 675 1874 tunicis
688 1811 764 1880 ,ut
783 1803 1022 1870 ventriculus
1044 1803 1095 1888 (ς.
1111 1805 1238 1900 μη),
1270 1763 1329 1868 ta.
1393 1876 1396 1890 .

282 1929 358 1974 nue
380 1914 531 1974 constat
551 1909 803 1981 intestinum,
821 1906 1014 1992 aliquibus
1032 1913 1165 1971 tamen
1198 1927 1332 1988 occur·

188 2007 192 2022 '
282 2012 458 2077 rentibus
482 2007 729 2078 differentiis.
753 2009 907 2074 Extima
924 2031 940 2072 s
958 2029 1040 2074 ero
1054 2031 1071 2072 s
1085 2031 1108 2072 a
1130 2018 1186 2075 est
1206 2030 1328 2094 mern-

282 2117 434 2192 brana,
455 2117 559 2180 vela
582 2114 808 2198 peritonaso
831 2111 953 2200 (276.)
979 2105 1206 2182 immediate
1237 2134 1327 2200 pro-

283 2220 401 2286 ducta
412 2263 424 2296 ,
446 2221 510 2284 vel
526 2239 621 2288 ¹vero
642 2241 665 2282 a
683 2219 939 2294 mesenterio,
965 2239 1054 2284 mox
1080 2219 1331 2298 describendo

285 2324 436 2388 oborta.
459 2323 638 2408 Sequitur
659 2311 794 2386 tunica
815 2341 854 2384 m
867 2341 918 2386 us
933 2341 983 2385 cu
997 2323 1147 2401 laris,
1181 2321 1331 2407 duplici

283 2425 473 2510 fibrarum
488 2410 620 2490 ¹strato
643 2431 834 2490 constans.
857 2425 1052 2489 Extimum
1072 2423 1182 2490 fibris
1199 2426 1333 2510 pauci-

285 2527 442 2606 oribus,
473 2527 654 2603 tenellis,
683 2525 1035 2610 lorigitudinalibus
1072 2530 1291 2600 absolvitur
1315 2551 1327 2610 ς

284 2629 483 2708 internum·
492 2651 584 2692 vero
598 2630 799 2693 crassiores
821 2629 940 2692 habet
948 2669 959 2705 ‚
972 2634 1111 2694 teretes
1125 2633 1330 2717 ,frequen-

285 2732 428 2808 tiores,
450 2731 654 2795 annulatos
674 2736 712 2794 et
730 2731 840 2796 vario
861 2731 973 2796 modo
996 2751 1075 2796 sese
1094 2729 1230 2800 mutuo
1261 2734 1328 2800 de·

287 2841 483 2900 oussantas
504 2831 635 2896 fibras.
661 2817 1009 2898 Circaduodenum
1031 2835 1220 2922 distingui
1248 2839 1325 2902 bae
1424 2878 1427 2888 ·

285 2936 412 3000 fibrae
431 2935 552 3019 magis
571 2941 751 3019 possunt,
770 2943 933 3021 suntque
955 2937 1084 3020 minus
1105 2941 1332 3024 conspicuae
1442 2937 1443 2944 '

286 3059 420 3106 versus
441 3039 508 3101 ilii
526 3038 646 3103 finem
658 3063 667 3100 a
679 3039 836 3104 facilius
850 3041 969 3105 etiam
982 3041 1023 3104 in
1034 3043 1202 3108 robustis
1216 3061 1334 3128 quam

287 3144 332 3209 in
354 3139 547 3226 debilibus
571 3141 840 3207 discernuntur
871 3141 1099 3208 individuis.
1128 3177 1170 3240 -f
1187 3145 1330 3240 ,Tertia

287 3247 772 3317 esttunicavasculosa
794 3249 1334 3336 (nervea,cellulosa),

198 3419 217 3446 Γ
289 3335 444 3422 tenuior
466 3373 508 3422 ac
531 3353 574 3415 in
588 3351 834 3432 uentriculo,
858 3362 1016 3421 externa
1048 3357 1149 3422 facie
1180 3357 1328 3432 laxior,

290 3463 330 3522 et
352 3453 505 3520 densior
525 3455 714 3519 interiora
735 3477 883 3530 versus,
906 3459 1067 3530 crassior
1089 3461 1131 3524 in
1156 3460 1333 3525 duodeno

291 3577 407 3644 quam
441 3559 481 3622 in
509 3555 661 3641 reliqua
694 3558 819 3622 tenuis
846 3559 1025 3626 intestini
1055 3567 1165 3646 parte
1189 3572 1209 3638 ,'
1227 3559 1332 3628 vasis
1399 3545 1404 3554 ¹

290 3659 524 3745 sanguiferis
547 3667 768 3750 perreptata
780 3703 790 3736 ,
812 3669 849 3726 et
868 3665 1032 3746 copiosis
1043 3661 1334 3749 glandulismu·

291 3763 433 3847 ciparis
465 3762 813 3850 (Peyerianis)
849 3765 1331 3852 instructa,plurimisque

290 3865 405 3951 plicis
429 3865 653 3930 informata.
671 3899 710 3916 -·
731 3867 875 3930 Intima
896 3867 1049 3930 demum
1071 3867 1225 3940 tunica,
1243 3866 1334 3930 vil·

290 3972 407 4036 losa
436 3969 571 4050 dicta,
612 3969 758 4032 mucosi
788 3955 1013 4054 sy‘stematis
1043 3975 1100 4034 est
1129 3969 1332 4053 productio

287 4069 745 4153 (§.1co·n.l.).lungitur
764 4069 856 4134 haec
878 4091 963 4156 cum
987 4069 1204 4144 vasculosa,
1218 4073 1333 4153 prout

288 4176 327 4236 st
341 4173 529 4258 ¹reliquae,
542 4178 669 4236 textus
684 4175 858 4237 cellulosi
874 4195 956 4257 ope,
968 4176 1031 4258 qui
1052 4175 1214 4258 copiosis
1229 4174 1332 4238 vasis

288 4277 520 4365 sanguiieris
533 4281 571 4343 et
580 4277 833 4362 lymphaticis
844 4278 882 4362 (l
891 4285 994 4346 acte
1005 4281 1066 4366 is)
1078 4284 1334 4366 perreptatur.
