2898 4992
471 367 579 433 sacr.
598 363 627 432 1.
650 369 708 432 Dr
728 381 866 438 cosor.
973 403 974 408 ,
1119 381 1182 459 433
1258 463 1262 470 .

140 515 246 572 terea
267 503 573 586 observationes,
590 527 742 572 sensum
763 509 885 572 cordis
906 509 999 574 adeo
1020 531 1099 575 asse
1116 517 1183 578 ob·

140 617 271 673 tusum
283 651 295 686 ,
315 615 359 673 ut
377 612 608 676 contrectari
630 612 713 676 sina
745 613 852 678 omni
880 615 995 696 plane
1020 617 1184 682 sensati·

138 732 210 778 one
241 713 373 794 possit.
408 711 514 778 Vidit
542 715 646 778 enim
678 715 845 778 Haavtr
874 717 1181 797 adolescentem,

143 818 206 880 cui
222 824 309 900 post
329 821 521 882 costarum
541 819 754 882 fracturam
778 825 817 904 at
836 825 969 883 natum
991 823 1078 886 inde
1099 825 1185 888 aba·
1210 855 1214 862 ·

140 941 284 986 cessum
306 922 525 1006 peramplus
556 931 753 1008 supererat
772 927 813 990 in
832 927 989 990 sinistro
1016 931 1183 1011 pectoris

139 1026 261 1089 latere
294 1027 445 1102 hiatus,
475 1025 588 1102 adeo,
610 1035 748 1093 uttres
779 1029 895 1114 digiti
929 1051 1014 1094 cum
1043 1033 1185 1113 pollice

135 1128 306 1192 thoracis
330 1149 422 1193 cavo
446 1129 612 1194 immitti
630 1133 855 1214 potuerint,
869 1134 1071 1218 ipsumque
1095 1153 1185 1215 cor,

140 1232 290 1316 quoties
314 1229 462 1310 lubuit,
490 1237 727 1298 contrectare
752 1225 926 1310 licuerit,
953 1235 1055 1318 quod
1085 1241 1184 1300 teste
1228 1313 1232 1333 Ι

141 1333 360 1398 immortali
398 1335 642 1402 observatore
679 1338 759 1401 sine
789 1337 898 1402 omni
930 1331 1185 1404 adolescentis

137 1455 250 1528 sensu
283 1458 429 1521 semper
458 1437 598 1504 accidit
628 1437 688 1522 d).
721 1438 824 1504 Idem
847 1441 982 1504 docent
1004 1443 1190 1505 observa·-

135 1539 261 1604 tiones
282 1541 321 1604 in
354 1541 453 1605 vivis
484 1542 720 1605 animalibus
740 1543 946 1629 captare).
977 1543 1105 1606 Potest
1124 1545 1189 1606 tab*

111 1663 221 1707 ,men
243 1645 481 1710 sensibilitas
504 1646 686 1729 organica
716 1665 784 1728 per
808 1665 940 1710 causae
966 1643 1094 1710 varia's
1119 1667 1182 1712 ex·

136 1747 254 1812 altari
275 1749 480 1824 hactenus,
492 1753 535 1812 ut
553 1745 774 1810 materiales
796 1752 833 1810 et
850 1747 1077 1832 dynamicae
1099 1769 1182 1813 cor

136 1853 195 1917 dis
216 1855 450 1918 mutationes
471 1851 519 1916 ad
541 1853 818 1917 conscientiam
841 1847 1124 1934 perducantur,
1140 1853 1182 1919 id
1233 1904 1236 1912 .

135 1951 237 2036 quod
260 1957 443 2038 organica
475 1953 553 2035 ejus
572 1955 693 2029 vitia,
721 1961 857 2037 graves
888 1973 998 2038 saepe
1031 1955 1187 2020 dolores

131 2055 383 2132 suscitantis,
414 2059 653 2135 anxietates,
677 2057 724 2118 ab
752 2054 942 2137 impedit'o
976 2057 1176 2141 sanguinis

104 2192 108 2200 ·
131 2179 202 2245 per
219 2161 421 2244 pulmones
449 2161 557 2226 motu
580 2159 793 2232 obortae,
782 2177 940 2243 rpsaque
971 2163 1128 2225 cordis
1118 2183 1179 2225 rn-

131 2262 377 2341 fiammatio‚
400 2281 485 2328 cum
508 2263 639 2348 aliquo
671 2263 807 2325 saltem
836 2261 967 2326 dolore
999 2269 1178 2328 constan·

127 2372 189 2431 ter
208 2365 475 2453 conjunctas),
492 2365 585 2430 satis
605 2363 823 2428 ostendunt.
847 2361 987 2428 Nervos
1005 2374 1178 2446 praeter·

132 2489 177 2532 ea
210 2467 402 2534 cardiaces
439 2467 487 2532 ad
525 2467 650 2531 solum
688 2465 1002 2548 reproductivum
1050 2465 1176 2532 cordis

136 2589 355 2656 processum
376 2571 480 2636 haud
502 2563 683 2653 restringi
692 2584 848 2647 ‚verum
872 2568 940 2632 sub
962 2567 1075 2632 certis
1100 2571 1174 2634 cir·
1274 2567 1277 2573 '

129 2661 377 2738 cumstantiis
407 2671 653 2739 conductores
685 2691 764 2735 esse
797 2668 1027 2749 vitalitatis,
1051 2667 1174 2739 animi

130 2784 280 2858 mptus,
309 2779 503 2844 actionem
529 2776 652 2840 cordis
683 2775 914 2861 praeprimis
943 2777 1173 2858 perturbari·
1252 2781 1255 2790 '

127 2885 186 2946 tes
198 2922 210 2956 ‚
235 2882 422 2946 evincunt
443 2880 521 2966 lit).
800 2871 803 2878 ’

207 2987 340 3054 Altera
357 2984 569 3050 vitalitatis
589 2983 758 3066 species,
779 2998 854 3068 qua
882 2999 943 3046 cor
961 2996 1053 3064 prae
1080 2979 1172 3052 aliis

123 3091 270 3154 eminet
280 3088 561 3171 musculie,ipsa
575 3095 630 3152 est
645 3089 662 3150 i
676 3109 722 3152 rr
735 3087 841 3150 itab
855 3083 1009 3149 ilitas
1031 3099 1170 3176 orga-

124 3193 241 3257 nica
254 3203 271 3272 ‚¹
282 3197 466 3276 perpetuo
489 3192 616 3254 activa
635 3196 673 3252 et
694 3187 788 3252 adeo
808 3193 998 3265 tenax,ut
1018 3185 1169 3256 evulsus

123 3313 319 3377 ecorpore
349 3287 482 3357 vitalis
511 3291 544 3356 is
575 3291 789 3366 musculus,
811 3293 878 3353 aut
907 3288 1091 3355 dissectus
1123 3290 1167 3360 in

122 3395 341 3481 portiones,
362 3415 431 3478 per
457 3393 608 3478 longius
632 3393 755 3456 adhuc
776 3395 927 3474 tempus
950 3391 1087 3472 saliat,
1101 3391 1166 3460 vel

122 3499 263 3563 saltem
296 3495 455 3561 stimulo
478 3495 675 3560 lacessitus
706 3489 908 3578 provocari
938 3493 986 3582 ad
1015 3498 1167 3560 contra·

121 3605 267 3669 ctiones
299 3603 422 3686 possit
452 3605 511 3688 g).
543 3599 772 3684 organicam
804 3620 881 3664 esse
903 3597 1007 3683 vim,
1030 3605 1067 3665 et
1095 3620 1165 3668 vo·
1263 3616 1269 3631 ·

121 3705 267 3771 luntati
286 3708 507 3772 nullatenus
535 3703 769 3783 subiectam,
794 3719 890 3789 quaa
914 3721 977 3766 cor
999 3699 1164 3782 incolit,

118 3827 330 3874 nervorum
357 3809 621 3874 cardiacorum
652 3804 819 3874 ostendit
847 3804 1017 3879 indoles,
1038 3810 1075 3870 et
1097 3801 1164 3868 do·

119 3919 206 3978 cent
225 3908 757 4000 observationes,musculum
774 3911 875 3974 hunc
888 3905 1024 3972 avitae
1042 3908 1165 3990 prim·

121 4015 243 4080 ordiis
272 4017 359 4079 lere
391 4015 566 4098 pulsare,
595 4015 637 4078 in
669 4011 969 4084 dormientibus,
1004 4007 1160 4094 apople-

118 4120 255 4195 crisis,
288 4121 330 4184 in
362 4121 472 4183 foetu
499 4121 695 4200 ‘acephalo
728 4123 768 4182 et
796 4123 879 4181 turn
910 4111 1061 4186 etiam,
1090 4113 1158 4182 ubi

117 4225 244 4287 omnis
262 4223 417 4286 tollitur
438 4219 515 4298 eius
538 4241 622 4304 cum
646 4241 800 4304 corpore
822 4237 937 4278 nexus
958 4213 1157 4302 physicus,

153 4341 379 4416 eraorsis
400 4346 572 4432 Physiol.
594 4345 694 4410 med.
712 4343 793 4410 vol.
815 4326 878 4406 Ill.
925 4341 952 4406 E
970 4363 990 4410 a
