2912 5000
297 359 361 442 39⁶
405 357 495 422 1.ῐο.
517 351 545 416 Ι.
569 351 659 416 cnr.
680 347 739 416 lv.
760 351 819 418 De
843 317 1250 426 sensumsensurn

202 583 203 586 Ἴ
291 495 376 558 vius
401 494 562 559 existere
584 493 722 558 debere
744 515 763 557 e
786 495 1004 560 ventriculo
1026 503 1065 562 et
1083 498 1267 568 intestino
1289 499 1332 565 ud

292 598 481 662 vesicem=
514 589 691 667 exsudari
721 598 862 686 quippe
893 595 1068 686 ingesto
1076 625 1094 665 0
1121 605 1331 687 perietibus

291 705 383 768 511515
400 705 642 772 alimentarii
657 749 667 782 ‚
686 720 825 788 perque
859 705 1086 770 cullulosum
1098 692 1266 774 ‚textum
1296 708 1333 770 in

290 807 460 874 vesicam
482 806 636 874 deferri.
672 813 720 872 At
741 808 875 882 urina,
902 827 999 894 ques
1030 809 1167 872 subito·
1192 832 1214 874 0
1245 816 1332 892 potu

113 932 115 942 ·
185 961 187 968 .
291 905 505 993 mingitur,
530 911 703 972 colorata
724 915 803 990 est
822 909 970 979 foetida
993 917 1031 974 et
1055 931 1161 992 prius
1185 933 1262 996 mm
1283 935 1335 977 se·

232 1031 236 1036 ’
292 1014 415 1093 creta,
435 1033 506 1076 nec
523 1019 615 1092 ente
635 1013 755 1078 horae
778 1011 949 1094 spatium
978 1012 1145 1096 limpide
1167 1017 1333 1080 ¹excerni-

290 1123 356 1180 tur
377 1123 465 1200 post
486 1117 666 1180 haustam
689 1135 810 1200 equae
831 1114 1018 1198 majorem
1050 1119 1215 1199 copiam.
1248 1122 1332 1184 Sen-

291 1220 421 1303 guinis
442 1218 530 1282 dein
552 1219 664 1302 copis
693 1220 878 1302 insignis,
902 1221 1058 1304 quaein
1080 1241 1190 1284 renes
1212 1223 1330 1286 fertur

289 1323 341 1404 (5.
361 1324 472 1408 369),
494 1321 624 1402 largae
648 1317 856 1383 secretioni'
877 1317 1033 1382 omnino
1053 1322 1258 1402 respondet
1277 1323 1332 1410 b).

288 1424 569 1490 Transsudatio
594 1427 724 1488 autem
746 1427 784 1485 05
804 1423 988 1505 migratio
1010 1424 1185 1489 humoris
1209 1447 1228 1490 e
1248 1428 1334 1490 tubo

219 1519 223 1527 ’
288 1527 539 1596 alimentario
574 1527 615 1589 in
647 1513 1090 1606 lotii'conceptaculum
1131 1548 1154 1591 a
1188 1529 1333 1594 fabrice

284 1631 460 1720 portium
482 1635 519 1692 et
534 1628 687 1690 50115000
709 1645 880 1706 serosae,
905 1647 950 1690 00
969 1621 1116 1691 viscera
1116 1621 1333 1694 involven-

285 1734 360 1805 tis,
380 1700 535 1815 penitus
560 1731 754 1793 abhorret.
784 1731 922 1792 Verum
945 1729 1101 1846 quidem
1124 1737 1209 1809 est,
1236 1729 1330 1816 quod

286 1838 405 1904 urina
439 1835 679 1916 ingestorum
709 1851 821 1914 saepe
856 1831 995 1913 prodet
1032 1813 1241 1917 qualitates
1281 1832 1330 1918 (5.

285 1939 412 2022 3734)
433 1935 523 1998 inde
558 1941 689 2002 autem
723 1935 886 1998 minime
917 1935 1114 2021 sequitur,
1143 1938 1227 2004 vies
1253 1937 1331 2006 dari

287 2042 477 2116 occultas,
499 2041 693 2124 siquidem
712 2041 817 2106 hoc
806 2059 941 2126 ipsum
952 2043 1022 2114 ot
1011 2063 1052 2106 111
1083 2045 1328 2128 perspirabili

287 2146 513 2216 observetur
535 2143 862 2226 1111150150(53339.
885 2165 921 2217 11
944 2145 1330 2232 5.),000110501115005

285 2269 432 2334 organa
449 2249 681 2325 setretorre
699 2247 753 2312 ut'
768 2249 954 2321 materias
988 2253 1139 2332 corpori
1171 2253 1330 2318 animali

283 2353 390 2428 haud
411 2353 691 2418 adsimilandas
713 2360 750 2418 et
771 2355 927 2420 nocivas
948 2358 1154 2430 eliminent
1175 2351 1330 2438 (5350).

285 2459 461 2544 Denique
493 2479 570 2522 non
604 2460 698 2522 satis
736 2463 843 2522 tutae
884 2467 973 2523 sunt
1017 2461 1328 2532 observationes,

286 2563 424 2646 quibus
445 2562 650 2648 adserunt,
671 2564 828 2640 renibus¹
846 2565 1001 2646 penitus
1024 2559 1253 2642 destructis]
1272 2561 1329 2628 vel

287 2667 422 2750 ligetis
455 2665 696 2740 uretsribus,
728 2665 868 2728 lotium
904 2667 946 2728 in
975 2668 1143 2730 vesicam
1176 2663 1329 2738 deferr-i,

286 2773 355 2836 'aut
380 2771 534 2836 demum
556 2774 723 2834 ureteres
746 2789 830 2832 eum
855 2771 1011 2846 renibus
1044 2771 1150 2838 haud
1177 2772 1329 2856 conjun-

285 2884 364 2942 ctos
384 2875 522 2952 fuisse,
542 2873 606 2938 sed
629 2890 800 2940 ramosos
824 2875 865 2938 in
888 2878 1118 2952 mesenterio
1152 2875 1325 2943 evanuis-

285 2999 325 3042 se
343 2977 403 3062 Ι0).
428 2979 550 3042 Dictis
570 2975 806 3060 argumentis
828 2976 1005 3044 inductus
1030 2977 1132 3044 Erae.
1154 2979 1326 3045 Dsswm

284 3073 425 3148 statuit
435 3083 567 3158 ,motu
591 3077 817 3161 retrogrado
836 3079 1016 3144 humores
1035 3100 1104 3163 per
1119 3103 1217 3146 vase
1235 3083 1326 3166 lym·¹

282 3187 443 3272 phatica
466 3207 485 3259 0
505 3181 720 3248 ventriculo¹
746 3182 787 3245 in
818 3182 986 3254 vesicam
1010 3183 1150 3249 deferri
1176 3183 1247 3272 d),
1269 3181 1326 3256 id,

284 3291 386 3373 quod
407 3289 656 3353 valvularum
680 3284 927 3370 dispositioni
958 3286 1124 3372 (§.168.)
1151 3295 1191 3354 et
1212 3293 1325 3371 syste-

284 3392 402 3458 matis
425 3393 668 3458 absorbentis
691 3391 845 3455 muneri
862 3391 1015 3473 penitus
1040 3383 1243 3454 aduersum
1262 3393 1324 3454 est.

282 3495 456 3580 Denique
477 3495 606 3560 docuit
627 3515 747 3579 nuper
765 3496 834 3568 cel.
853 3497 1114 3562 Tssvrsssrs
1127 3536 1138 3570 ,
1152 3495 1325 3566 substan«

278 3599 357 3672 ties
381 3599 549 3686 liquidas
571 3602 797 3666 oellulosum
829 3605 1031 3684 penetrare
1056 3605 1229 3680 textum,
1246 3620 1324 3683 pera

283 3723 356 3788 que
379 3724 466 3768 eum
487 3704 530 3768 in
559 3723 704 3790 organa
730 3705 900 3789 migrare
929 3705 1186 3780 secerueutie,
1209 3711 1256 3784 05·
1278 3701 1325 3764 siq

281 3809 416 3872 milem
441 3829 523 3872 esse
552 3808 871 3882 substantiarum,
891 3827 910 3870 0
932 3805 1149 3872 ventriculo
1167 3807 1218 3892 ‚in
1247 3803 1325 3870 virs

281 3913 478 3986 urinaries
497 3913 709 3982 transitum
731 3911 811 3996 d‘).
1104 3917 1107 3922 '

361 4057 426 4122 Est
447 4061 578 4120 eutem
596 4075 732 4132 renum
751 4056 900 4122 functio
923 4057 1152 4141 pulmonum
1176 4049 1320 4120 muneri

280 4153 336 4241 (5.
358 4157 454 4244 338.)
489 4159 677 4222 hacteuus
700 4161 899 4242 opposita,
927 4159 1024 4244 quod
1054 4158 1238 4242 sanguini
1261 4175 1320 4219 ne·

274 4262 450 4346 gntivam
482 4261 642 4328 iuducet
665 4263 920 4346 polaritetem
933 4303 946 4339 ,
969 4263 1158 4348 oxygonio
1179 4267 1216 4327 05
1236 4277 1322 4329 ern*
