2898 4992
575 17 585 52 Ι

274 361 338 447 156
358 301 462 430 ⁸tm.
483 358 511 424 1.
529 355 622 426 cir.
639 355 699 424 vt.
722 339 778 426 bs
800 365 983 425 orreum
998 371 1235 458 seusursrsr

381 500 580 574 omnem
597 501 621 566 r.
636 517 664 566 e.
679 518 711 578 p.
728 501 792 578 440.
809 518 855 576 sq.
872 501 903 578 t.
921 501 1036 572 ss-sa
1094 549 1097 558 ,

339 679 342 686 ·
376 597 505 741 fflibisi.
519 672 549 730 p·
564 653 628 724 426·
646 653 726 724 -h)
743 651 818 710 ibid.
838 655 869 732 §,
891 654 1008 724 ιὸ-αγ,
1032 667 1037 702 ι

733 856 762 938 §3
803 866 878 934 395·

414 1089 445 1139 Ι.
518 1032 845 1104 Arterierum
878 1054 1073 1102 munus·

358 1193 520 1283 Sanguis
541 1218 608 1282 per
639 1198 812 1284 systolen
831 1197 957 1263 cordis
978 1198 1020 1262 in
1042 1197 1204 1280 arterias
1227 1215 1322 1281 pro-

196 1285 202 1304 *
272 1293 425 1394 iectus,
458 1305 681 1374 columnam
711 1305 913 1380 humoris,
935 1301 977 1368 in
1005 1303 1068 1368 his
1097 1309 1323 1368 contentam

273 1412 500 1495 promovet,
514 1405 707 1492 simulque
725 1405 843 1484 facit,
856 1415 899 1473 ut
917 1429 1010 1474 vasa
1030 1407 1161 1472 eadem
1178 1409 1218 1472 in
1236 1408 1324 1471 lon-

158 1539 160 1546 ’
274 1503 494 1600 gitudine'm
516 1510 831 1595 exporrigentur,
844 1512 1056 1578 dilatentur
1077 1519 1115 1576 et
1135 1513 1219 1575 loeo
1240 1531 1326 1575 mo·

273 1623 462 1698 veantur3
496 1622 535 1682 et
555 1616 630 1680 hae
665 1615 900 1681 mutationes
939 1615 1193 1692 arteriarum,
1226 1635 1325 1702 quae

273 1740 364 1786 oum
400 1721 709 1785 ventriculorum
740 1720 882 1802 systole
923 1719 1055 1784 eodem
1088 1721 1322 1803 contingunt

274 1825 473 1910 tempore,
492 1843 633 1907 perque
666 1843 801 1906 corpus
824 1822 1048 1888 universum
1078 1825 1210 1890 eodem
1234 1841 1320 1886 mo·

277 1933 413 1994 mento
443 1927 731 2008 propagentur,
756 1925 956 2006 pulsum
985 1927 1103 1990 simul
1130 1919 1323 1989 constitu-

277 2035 364 2094 unt.
381 2019 606 2090 ¹Promoveri
630 2026 857 2110 sanguinem
878 2047 947 2112 per
964 2029 1123 2096 arterias
1144 2027 1186 2091 in
1203 2025 1325 2109 capil-
1398 2043 1404 2054 ·

277 2131 362 2198 iare
393 2138 588 2218 systema,
609 2138 648 2196 et
679 2133 769 2198 inde
789 2133 831 2197 in
859 2141 986 2198 venas'
1002 2134 1187 2211 transire,
1211 2138 1329 2220 atque

276 2234 466 2319 impulsas
505 2258 529 2300 a
556 2233 681 2301 cordis
715 2238 980 2302 contractione
1020 2237 1182 2303 arterias
1224 2253 1327 2302 nuno

277 2346 517 2406 memoratas
542 2341 702 2406 omnino
730 2341 861 2407 subire
881 2341 1137 2419 mutationes,
1158 2341 1241 2424 ipsa
1261 2341 1330 2406 do·
1435 2367 1436 2378 ¹

279 2449 343 2508 oet
372 2441 573 2528 autopsie,
596 2448 634 2508 et
665 2442 871 2508 confirmat
900 2444 1021 2508 ratio:
1053 2445 1199 2510 etenim
1227 2449 1331 2510 arte·

280 2551 366 2620 riae
383 2552 522 2634 plenae
553 2567 702 2632 semper
724 2555 817 2613 sunt
835 2545 899 2630 ⁶),
920 2569 985 2614 seu
1010 2547 1052 2612 in
1075 2547 1237 2638 diastole
1258 2565 1326 2614 seu

282 2645 327 2724 in
347 2656 493 2741 systole
516 2652 824 2732 constituantur3
838 2651 951 2717 debet
973 2653 1105 2740 itaque
1118 2673 1220 2720 nove
1240 2671 1330 2716 san·

284 2757 415 2844 guinis
436 2754 562 2830 unda,
586 2775 654 2838 per
682 2752 807 2818 corin
836 2755 998 2818 arterias
1019 2761 1212 2840 projecta,
1237 2774 1330 2820 con·

285 2867 436 2926 tentam
472 2857 579 2942 prius
613 2855 790 2924 humoris
824 2857 1043 2922 columnam
1076 2873 1329 2942 promover03

285 2964 410 3042 unde,
431 2980 519 3028 eum
539 2959 706 3044 arteriae
727 2958 769 3024 in
787 2977 991 3044 progressu
1025 2977 1095 3033 suo
1114 2979 1244 3028 ramos
1273 2958 1333 3022 di·

284 3066 454 3142 mittant
472 3061 542 3128 sub
564 3059 715 3144 angulis
745 3061 892 3140 variis,
913 3061 1079 3140 flexuras
1115 3061 1244 3128 varias
1271 3061 1336 3125 sa·
1434 3091 1435 3094 ¹

290 3173 420 3250 cient,
443 3177 482 3236 et
503 3167 673 3246 diversas
692 3168 827 3234 ineant
848 3167 1331 3258 coniunctiones,(§.15s.)‚

293 3270 473 3357 variique
494 3267 583 3334 inde
604 3275 813 3336 nasoantur
836 3269 984 3347 obices,
1006 3277 1130 3336 motus
1155 3290 1331 3356 progres·

290 3376 396 3439 tivus
419 3372 544 3438 later
558 3373 681 3438 alem
697 3370 813 3437 simul
834 3374 1020 3438 suscitare
1038 3372 1151 3438 debet
1169 3379 1331 3450 motum3

197 3493 200 3500 ·
288 3477 431 3542 debent
450 3473 572 3559 igitur
592 3475 761 3558 parietes
791 3465 1022 3540 arte'rierum
1044 3477 1228 3540 attextus
1259 3471 1333 3536 esl-

292 3582 465 3655 lulosus,
485 3595 559 3662 quo
580 3598 675 3642 vasa
691 3597 735 3640 ea
754 3577 896 3644 vicinis
917 3577 1128 3642 adhaerent
1141 3576 1335 3662 pertibus,

293 3682 423 3751 tedere
453 3677 662 3768 impulsui,
685 3677 786 3746 unde
815 3681 979 3778 arterias
1003 3678 1158 3746 extendi
1181 3683 1220 3744 et
1248 3681 1333 3746 loco

291 3785 445 3858 moveri
461 3791 615 3870 oportet
635 3783 712 3874 ··).
754 3841 756 3848 .

375 3951 579 4017 Diastolen
607 3950 837 4016 arteriarum
867 3949 1010 4037 systole
1036 3936 1201 4033 excipit,
1230 3947 1340 4028 cuius

290 4072 407 4120 eausa
430 4055 530 4134 nuirc
552 4059 611 4119 est
634 4051 880 4136 disquirenda
904 4050 955 4136 (ς.
978 4077 989 4114 ι
994 4051 1080 4138 55.).
1102 4031 1247 4132 Docuit
1269 4053 1338 4116 Br-

197 4147 198 4152 ἵ
221 4209 225 4220 -
293 4177 398 4234 eutr
409 4201 421 4238 ‚
443 4157 747 4226 contractionem
768 4159 1000 4224 arteriarum
1019 4178 1045 4222 a
1063 4153 1227 4242 physica
1247 4161 1336 4222 ten·

286 4271 379 4331 'tum
406 4265 448 4330 vi
469 4285 548 4333 esse
571 4260 841 4350 repetendam:
864 4261 1045 4330 contrahi
1069 4280 1136 4336 eas
1158 4262 1234 4330 illo
1256 4279 1344 4330 mo·
