2892 5004
282 416 327 474 ιο
387 399 475 472 Lm.
486 399 515 469 1.
529 398 619 469 car
630 399 659 466 1.
669 345 729 466 Da
748 411 944 469 acrmrrr
957 409 1230 470 insusurrare.

282 549 558 643 absorptione,
576 547 655 618 ut
643 568 697 618 ru
705 547 852 635 plantis
873 507 1016 612 accidit
1048 546 1096 634 (5.
1116 565 1168 634 23
1191 569 1229 614 ιι.
1250 549 1334 636 a),

175 662 180 680 ‘
281 675 512 734 conservare
531 674 666 741 corpus
687 652 900 744 potuerint.
920 654 1097 720 ceterum
1120 652 1333 720 incredibi-
1417 737 1421 744 ⁵

174 754 180 772 ’
286 761 342 826 les
368 760 510 838 famis,
531 781 600 846 per
627 776 745 823 annos
775 760 1012 822 sustentatae
1042 758 1236 840 historiae.
1264 760 1335 848 a),

283 865 516 936 commissae
534 851 683 930 fraudis
704 867 864 928 movent
884 851 1157 948 suspicionem.

300 1097 304 1114 ⁸
392 1035 430 1125 θ’)
447 995 618 1090 nonnulii
634 1029 729 1087 Elem.
746 1029 832 1108 phys.
844 1030 893 1090 Vl.
904 1045 936 1106 p.
947 1027 1053 1089 mli.-
1068 969 1209 1104 ”milli
1224 1045 1335 1109 papo.

396 1164 430 1234 a),
444 1157 518 1244 ihil.
531 1169 570 1240 pt,
581 1173 642 1234 171.
658 1121 726 1236 squ,

739 1345 770 1420 5
812 1337 886 1406 261.

289 1525 421 1644 Quae
445 1543 634 1594 causae
655 1520 836 1632 famem
859 1519 1082 1610 augeant
1104 1529 1153 1636 et
1172 1523 1335 1592 minu-

696 1605 877 1748 enti

370 1779 524 1846 Praeter
561 1801 635 1858 aa,
657 1785 760 1866 quae
788 1778 1025 1866 exygenium
1057 1775 1165 1842 intra
1196 1797 1335 1862 corpus

181 1889 187 1904 ’
286 1889 432 1967 augent
461 1889 499 1948 et
526 1883 763 1968 phlogistica
791 1871 998 1961 min‘uunt,
1021 1881 1223 1968 ipsamque
1248 1903 1333 1948 ma-

283 1988 426 2052 teriam
447 1987 668 2072 organicam
691 1987 861 2066 diminui
880 1985 1032 2050 faciunt
1052 1981 1207 2070 (§§·258·
1220 1989 1334 2074 aio),

287 2089 389 2152 aliae
410 2088 551 2154 dantur
573 2109 728 2165 causae,
748 2089 1009 2156 ventriculum
1036 2090 1225 2174 peculiari
1250 2111 1333 2156 mo·

286 2193 336 2260 do
355 2167 603 2270 concitantes
625 2195 830 2267 Pertinent
848 2195 923 2258 huc
944 2191 1055 2260 acida
1077 2193 1332 2280 vegetabilia,

282 2297 384 2361 sales
414 2296 565 2374 neutri,
585 2303 784 2392 aromate,
801 2295 1101 2388 amaricantia,
1123 2297 1229 2362 acria
1239 2340 1252 2373 ,
1272 2297 1334 2361 bi·
1357 2303 1364 2320 '

273 2398 362 2473 ,lis
351 2421 393 2464 ιιι
413 2387 674 2468 ventriculum
697 2397 847 2480 deleta3
866 2401 1014 2484 spectat
1034 2401 1110 2466 huc
1136 2405 1174 2464 et
1197 2401 1333 2486 pyloni
1436 2431 1437 2474 1

282 2503 452 2586 laxitas,
474 2527 570 2593 quae
597 2506 718 2587 facit,
739 2513 784 2569 ut
809 2506 1044 2574 ventriculus
1078 2529 1174 2593 pene
1205 2511 1333 2576 conti

280 2627 360 2677 nuo
381 2611 603 2692 inaniatur,
623 2616 925 2698 perpetuumque
954 2612 1060 2706 adsit
1084 2611 1164 2678 cibi
1184 2611 1332 2698 denoda-

282 2715 400 2782 rium.
451 2718 581 2782 Nimia
619 2715 709 2780 dein
740 2717 956 2794 voracitas,
985 2737 1081 2802 quae
1114 2717 1156 2781 in
1196 2715 1329 2780 homi-

156 2905 157 2912 *
274 2818 398 2886 nibus
438 2818 638 2906 nonnullis
673 2816 813 2902 viget,
841 2818 1019 2903 ingenita
1059 2839 1138 2888 esse
1170 2824 1328 2903 potest,

280 2923 327 2984 ut
360 2919 452 2986 adeo
485 2939 698 3006 supponere
725 2920 894 3000 debeas,
924 2921 1093 2988 nimium
1126 2919 1327 2992 stomacho

277 3023 402 3090 inesse
423 3026 563 3100 robur,
584 3028 651 3090 aut
668 3045 759 3091 vero
782 3045 937 3092 succum
958 3029 1170 3111 gastricum
1199 3046 1328 3092 acrem

279 3127 490 3197 admodum
510 3125 652 3192 habere
671 3134 875 3210 natu'ram3
895 3135 1025 3213 potest
1053 3130 1223 3196 nimium
1245 3129 1328 3195 cibi

279 3223 517 3298 desiderium
555 3229 674 3295 etiam
701 3249 769 3314 per
800 3231 1117 3298 consuetudinem
1151 3231 1325 3320 adquisi-

277 3335 364 3398 tum
385 3353 484 3412 esse,
504 3349 592 3396 cum
621 3332 858 3397 ventriculus
882 3354 906 3397 a
926 3341 1060 3402 tenera
1088 3335 1166 3414 jam
1196 3323 1353 3401 aetate'

275 3435 447 3502 nimium
465 3435 729 3520 protenditur,
739 3424 958 3531 inagnoque
978 3445 1017 3504 et
1038 3440 1239 3525 frequenta
1260 3461 1325 3504 ex

276 3537 416 3606 arsitio
436 3537 550 3607 vitali
568 3537 773 3605 activitate
797 3546 960 3625 augetur
978 3537 1030 3622 (ς.
1048 3557 1101 3623 73.
1121 3542 1178 3606 v1
1185 3545 1218 3628 )
1241 3542 1325 3610 Fri-

276 3662 348 3729 gus
378 3641 493 3726 dein,
524 3643 655 3710 nervia
682 3643 912 3720 inimicum,
939 3647 1124 3710 musculis
1155 3647 1324 3714 enricum

276 3745 299 3830 (
309 3754 340 3824 §-
361 3759 435 3824 ιιι.
450 3748 493 3834 ),
514 3748 659 3844 famem
691 3743 940 3834 auget3'inde
966 3749 1088 3833 igitur
1118 3755 1199 3828 est,
1220 3749 1324 3836 quod

122 3872 125 3886 ·
181 3887 190 3900 ·
274 3849 401 3932 major
426 3851 643 3933 generatim
672 3851 804 3936 vigeat
824 3851 966 3936 hyeme
988 3849 1107 3916 famis
1126 3856 1322 3934 potestas,

275 3969 394 4038 quam
415 3951 560 4020 aestivo
580 3960 776 4038 tempore,
799 3950 976 4038 quodque
996 3952 1133 4036 populi
1150 3953 1320 4022 boreali·

273 4067 341 4116 um
363 4052 564 4141 regionum
583 4055 708 4142 magis
723 4054 804 4122 sint
822 4072 977 4119 voraces
998 4055 1054 4140 ·).

358 4192 425 4260 Hie
448 4169 643 4262 contraria
663 4195 808 4260 famem
828 4195 1031 4274 minuunt,
1052 4215 1118 4262 seu
1138 4217 1184 4264 ea
1203 4213 1318 4282 gene·

275 4300 417 4380 ratim,
446 4293 800 4392 quae'expansivas
834 4300 876 4372 ia
908 4300 1074 4370 animali
1102 4301 1321 4390 organismo
1429 4329 1432 4343 ι
