2898 4992
293 367 361 460 ‘2¹⁵⁰
401 353 534 424 Lissi.
552 357 642 422 css.
662 304 720 420 Vl.
741 322 802 420 Du
820 367 1002 418 crscmru
1021 367 1248 435 sisennus.

295 491 429 570 temen
450 497 627 586 plurimis
642 502 892 580 vcompertum
915 504 972 564 est
983 505 993 572 '2
1020 498 1248 584 sanguinem
1267 521 1337 566 nac

296 605 464 680 turalem
497 587 575 668 esse
605 599 830 676 stimulum,
853 601 920 686 qui
947 622 1011 664 cor
1042 601 1091 664 ad
1119 621 1228 666 suam
1251 622 1336 668 con·

295 701 391 774 citat
412 708 627 794 actionemg
641 703 794 767 Etenim
811 724 856 768 ea
879 704 1131 788 proportione
1152 705 1337 770 decresce-

287 833 337 878 re
356 795 529 875 videmus
552 807 688 893 organi
706 807 820 872 istius
852 809 1071 894 energiam,
1091 829 1166 894 qua
1185 809 1337 894 sangui-

295 913 358 978 nis
391 910 582 976 minuitur
613 909 746 993 copia,
770 929 914 996 perque
946 910 1113 974 nimiam
1152 911 1337 977 inanitio·

295 1033 386 1080 nem
416 1011 542 1092 animi
572 1011 743 1096 deliquia
764 1017 802 1076 et
835 1017 1000 1077 mortem
1027 1013 1299 1092 subitaneam,
1317 1035 1339 1077 a

297 1115 408 1202 corde
438 1112 769 1198 proficiscentem,
799 1112 948 1178 adduci.
982 1118 1012 1180 A
1041 1114 1186 1195 maiore
1210 1101 1337 1180 autem

296 1218 443 1284 cruoris
468 1216 600 1299 copia,
622 1233 718 1299 quae
749 1235 813 1280 cor
835 1233 1063 1303 quecunque
1096 1217 1250 1294 demum
1272 1217 1336 1280 ob·

294 1321 376 1386 ruit
406 1339 540 1395 causa,
570 1317 848 1402 palpitationes
876 1319 970 1384 oriri
997 1319 1188 1386 novimus.
1211 1313 1338 1382 'Vacu-

295 1430 403 1488 etum
429 1428 626 1506 praeterea
659 1439 745 1497 cor,
768 1427 858 1504 erga
888 1422 989 1486 atiris
1024 1423 1230 1496 stimulum
1262 1442 1338 1487 non

197 1507 200 1518 ’
295 1512 462 1609 emplius
486 1522 703 1613 irritabile,
727 1527 764 1586 et
783 1523 937 1605 pulsare
959 1523 1160 1597 desinens,
1186 1523 1339 1608 sangui·

294 1623 343 1696 ne
363 1629 530 1694 admisso
550 1648 681 1692 rursus
703 1633 890 1692 movetur.
923 1629 1064 1710 Aperte
1083 1627 1167 1692 vivi
1189 1627 1339 1692 enime-

294 1735 345 1801 lis
376 1736 555 1812 thorace,
581 1735 628 1798 ob
663 1733 865 1816 pulmones
894 1733 1104 1814 collapsos,
1136 1730 1338 1796 sinistrum

295 1859 360 1906 cor
393 1837 579 1922 sanguine
619 1834 871 1912 destituitur,
904 1837 1021 1900 simul
1054 1836 1173 1900 etiam
1220 1827 1335 1902 citius

295 1939 447 2008 moveri
481 1937 626 2024 desinit
656 1957 700 2000 ac
732 1937 935 2016 dextrum3
965 1938 999 2001 si
1027 1957 1117 2004 vero
1155 1939 1354 2003 dextrum*
1427 2003 1428 2020 χ

295 2044 483 2126 sanguine
512 2042 711 2126 privetur,
734 2041 901 2127 *sinistro
925 2041 1101 2106 subsistit
1131 2042 1256 2108 citius.
1294 2041 1337 2108 ld

258 2219 260 2224 ,
293 2147 421 2230 ipsum
441 2144 559 2210 etiem
579 2144 717 2208 docent
748 2142 1002 2230 deligetiones
1034 2165 1213 2210 vesorum
1249 2165 1332 2210 me·

291 2243 456 2338 gnaruris
468 2247 629 2335 ‚quibus
648 2246 801 2342 efficere
823 2250 989 2334 poteris,
1009 2255 1052 2313 ut
1072 2251 1167 2314 haec
1185 2250 1248 2314 vel
1269 2248 1341 2314 ills
1427 2263 1428 2304 l

294 2353 417 2440 cordis
449 2353 567 2418 cavea'
592 2353 793 2417 inaniatur
817 2353 881 2416 vel
911 2353 1096 2418 obruatur
1126 2352 1340 2436 sanguine,
1427 2397 1428 2422 ,

293 2456 485 2550 subsistet
502 2461 570 2520 aut
592 2457 733 2521 fortius
761 2475 803 2520 ec
825 2454 971 2522 diutius
996 2456 1133 2522 vibret.
1164 2457 1340 2541 Denique

293 2569 456 2646 apparet
477 2563 518 2626 in
538 2562 773 2626 animalibus
788 2561 876 2625 vivo
897 2583 1055 2646 corpore
1074 2562 1229 2638 incisis,
1249 2582 1336 2628 eam
1427 2609 1428 2640 ,

224 2670 228 2682 '
291 2663 414 2756 cordis
434 2671 585 2746 partem
609 2663 724 2729 citius
742 2664 909 2754 moveri,
932 2683 1028 2750 quae
1048 2663 1233 2750 sanguine
1249 2665 1337 2750 pri·

293 2787 338 2834 us
364 2765 582 2854 adtingitur
604 2767 667 2852 n).

374 2915 664 2980 Contrahuntur
695 2932 784 3000 ergo
821 2919 859 2980 et
881 2914 1105 2982 dilatantur
1134 2897 1256 2982 sinus‘
1273 2935 1338 2980 eo·

210 3007 211 3014 ¹
293 3009 380 3106 dem
401 3022 595 3101 tempore,
619 3021 657 3081 et
677 3022 797 3100 egunt
825 3017 942 3082 simul
971 3019 1181 3085 ventriculi
1214 3039 1260 3081 ee
1294 3017 1341 3082 de

289 3141 426 3198 causa,
444 3120 543 3208 quod
566 3119 752 3204 sanguine
770 3101 903 3184 eodem
927 3130 1124 3190 momento
1147 3125 1338 3188 exstimu-

288 3225 438 3301 lentur3
464 3222 645 3306 opposito
675 3227 804 3285 autem
826 3228 998 3306 tempore
1027 3230 1146 3308 egunt
1168 3225 1275 3288 sinus
1301 3232 1340 3288 et

291 3325 521 3403 ventriculi,
541 3323 732 3408 siquidem
754 3327 926 3407 tempore
951 3326 1103 3392 diverso
1130 3325 1335 3408 sanguinis
1427 3339 1428 3348 ’

212 3438 214 3442 ’
288 3427 449 3498 stimulo
471 3428 713 3492 concitentur
731 3422 781 3510 (t.
804 3431 916 3516 39¹·)·
940 3431 1150 3495 conferunt
1169 3428 1217 3493 ad
1242 3448 1335 3512 syn·

286 3531 512 3604 chronicam
544 3530 738 3594 actionem
771 3530 890 3594 etiam
918 3530 1041 3595 fibrae
1076 3531 1311 3595 musculares
1329 3569 1341 3605 ,

290 3653 387 3719 quae
416 3634 457 3697 in
487 3633 599 3697 atriis
629 3639 666 3709 et
700 3635 930 3697 ventriculis
964 3635 1196 3720 junguntur,
1218 3641 1343 3720 atque

289 3743 466 3822 septum,
496 3737 651 3820 utrique
687 3736 790 3800 sinui
820 3742 858 3799 et
885 3739 1100 3802 ventriculo
1133 3757 1342 3801 commune

290 3829 359 3928 o)·'
382 3837 510 3904 Simili
539 3836 691 3902 retione
720 3857 758 3900 se
787 3839 935 3903 hebent
967 3839 1130 3904 arteriae
1149 3844 1186 3902 et
1209 3858 1339 3902 venae

287 3960 473 4026 magnae,
487 3958 584 4023 quae
609 3939 787 4021 opposito
808 3945 981 4024 tempore
1001 3963 1085 4006 cum
1107 3941 1342 4006 ventriculis

290 4052 328 4122 et
346 4045 505 4110 sinubus
527 4043 706 4104 contrahi
726 4051 765 4105 et
785 4042 944 4109 dilatari
973 4046 1121 4110 debent.
1153 4045 1337 4128 Denique

287 4146 403 4218 debet
422 4143 620 4226 periodica
647 4145 772 4207 cordis
803 4149 906 4212 actio
927 4155 965 4212 et
992 4147 1190 4213 communi
1217 4147 1335 4212 attri-

288 4241 358 4314 bui
378 4243 485 4345 legi,
516 4262 592 4330 que
617 4249 831 4315 musculum
864 4267 1018 4322 emnem
1048 4249 1239 4335 quiescere
1269 4261 1341 4334 per
