2956 4996
262 398 349 482 1256
435 397 525 466 Lrs.
543 400 572 469 1.
594 401 683 465 cer.
710 398 1200 484 111.Ds·nss1›1nsr10ur.

158 619 163 627 ,
216 598 235 643 .·
282 544 509 630 tale‚quod
530 552 737 631 utramque
759 543 919 627 respicit
936 546 1335 630 vitamzanimalem‚

282 655 472 738 quatenus
494 650 752 735 diaphragma
773 670 914 716 nervos
947 651 1067 716 habet
1101 657 1311 720 cerebrales
1323 667 1341 734 ‚'

282 758 434 842 ipsique
463 755 635 822 thoracis
667 761 705 819 et
724 753 989 818 abdominales
1013 761 1177 822 musculi
1199 762 1341 825 volun-

284 861 362 926 tati
400 858 588 926 obediunt
626 853 645 941 (
659 865 689 933 §.
716 865 792 939 318.
810 858 847 941 );
876 859 1123 942 organicam,
1147 871 1339 948 quatenus

282 983 424 1030 nervus
464 955 672 1055 phrenicus
714 981 801 1024 cum
842 962 1092 1046 gangliorum
1126 974 1339 1051 systemata

204 1097 209 1104 ·
279 1069 459 1156 Jungitur
480 1057 532 1151 (ς’.
559 1065 677 1152 181.)‚
698 1066 1002 1151 pulmonumque
1023 1070 1135 1132 nervi
1168 1075 1340 1156 gangliis

283 1179 322 1238 et
339 1171 516 1256 plexibus
539 1171 748 1254 cinguntur
771 1163 832 1252 (ς’.
852 1179 926 1249 324.
939 1169 984 1256 ),
1006 1175 1044 1233 et
1075 1171 1155 1253 ipsa
1182 1177 1339 1256 pulmo-

172 1349 176 1358 ,
229 1321 232 1327 ,
280 1295 376 1340 num
395 1271 547 1364 functio
568 1292 637 1355 per
666 1271 910 1335 habitualem
941 1273 1142 1356 sanguinis
1164 1281 1202 1340 et
1230 1280 1336 1346 airis

281 1373 588 1460 atmosphaerici
610 1373 814 1442 stimulum
836 1375 1069 1440 suscitatur.»
1118 1396 1122 1404 “

302 1507 306 1518 ⁸
386 1541 424 1607 ί*)
441 1499 615 1592 Hannon:
636 1507 734 1591 Elemi
759 1493 913 1610 physsslll.
939 1553 971 1610 p.
997 1537 1112 1612 2884
1135 1549 1178 1610 19.
1194 1566 1230 1580 -
1246 1529 1339 1597 ΤΒΕ.

326 1634 334 1654 “
352 1623 543 1684 vlumus:
559 1621 706 1696 Biologie.
722 1624 773 1686 lv.
790 1640 821 1697 p.
838 1629 899 1687 124.

632 1835 635 1842 ’
727 1825 758 1893 ς.
787 1785 869 1898 (528.

495 1998 753 2088 Quomodo
787 1997 1099 2086 inspiratur.

363 2150 508 2236 Incipit
536 2147 672 2245 pitelis
709 2147 940 2232 pulmonum
970 2149 1119 2214 functio
1152 2148 1193 2213 in
1225 2147 1336 2216 foetu

277 2265 447 2332 nanneto
475 2255 575 2320 airis
607 2250 897 2334 adspiratione,
923 2259 960 2315 et
984 2245 1129 2317 desinit
1156 2254 1241 2317 vita
1270 2253 1334 2318 in·

279 2363 463 2436 dividua,
480 2349 558 2424 ni‘si
582 2357 761 2422 violenta
790 2359 1056 2452 supervenerit
1081 2358 1218 2422 mortis
1241 2375 1333 2419 cau-

277 2491 344 2548 se,
370 2485 471 2554 quae
487 2465 691 2548 pulmones
715 2479 878 2523 vacuare
909 2481 988 2524 non
1014 2461 1117 2524 sinat
1130 2504 1140 2536 ‚
1161 2459 1333 2542 respira·

275 2577 398 2642 tione.
421 2567 608 2636 Divinare
628 2565 719 2629 hino
739 2561 817 2648 jam
837 2565 1007 2647 poteris,
1031 2565 1333 2648 inspirationem

276 2665 473 2762 insignem
501 2673 697 2760 requirere
720 2670 878 2734 vitalem
902 2671 1168 2746 activitatem,
1192 2671 1333 2756 physi-

276 2783 331 2847 cis
353 2773 807 2864 viribus'quodammodo
831 2773 1074 2858 oppositam,
1100 2775 1331 2858 exspiratio-

276 2907 367 2954 nem
398 2904 491 2950 vero
523 2883 648 2968 magis
683 2891 761 2958 osse
791 2879 1010 2963 passivam,
1044 2898 1113 2962 per
1142 2877 1330 2962 physicas
1364 2923 1374 2948 ,

277 2993 401 3065 etiam
431 2988 535 3052 vires
567 2987 638 3051 sub
663 2985 778 3049 certis
806 2985 1110 3049 circumstantiis
1141 3001 1331 3068 peragen-

276 3099 380 3163 dam.
411 3097 513 3178 Opus
543 3113 682 3176 nempe
704 3099 761 3156 est
773 3136 785 3170 ,
805 3097 850 3155 ut
869 3092 912 3159 in
930 3091 1058 3175 primo
1082 3113 1169 3156 casu
1194 3113 1332 3176 aspera

276 3202 422 3269 arteria
443 3207 482 3272 et
501 3199 603 3266 rami
620 3197 699 3278 eius
721 3216 807 3262 oum
823 3197 971 3260 cellulis
995 3195 1116 3260 aiireis
1137 3196 1193 3262 ita
1214 3197 1331 3262 didu-

198 3321 205 3338 ‘
276 3315 414 3373 cantur
427 3316 535 3391 ,'quo
559 3305 624 3368 aiir
645 3301 1000 3384 atmosphaericus,
1021 3302 1180 3366 elastica
1198 3323 1265 3367 sua
1284 3303 1331 3370 vi.

273 3410 323 3476 od
347 3407 627 3494 aequilibrium
647 3402 887 3486 tendens&
903 3409 1006 3494 ψ.)
1019 3449 1031 3482 ,
1054 3427 1122 3490 per
1147 3427 1257 3476 nares
1286 3413 1329 3472 et

211 3577 227 3586 .
274 3542 316 3585 os
335 3521 377 3584 in
398 3519 602 3605 laryngem
624 3515 747 3600 inque
778 3497 981 3594 pulmones
1009 3520 1213 3596 penetrare
1234 3535 1326 3600 pos·

273 3627 339 3691 sit.
363 3624 448 3707 Qua
467 3629 598 3688 autem
620 3620 773 3684 ratione
786 3617 827 3682 id
845 3619 995 3684 accidat
1006 3663 1017 3700 ,
1029 3617 1107 3704 jam
1122 3639 1223 3686 nunc
1241 3620 1324 3688 dis·

106 3800 109 3812 ,
187 3715 189 3720 ⁸
218 3786 223 3810 )
274 3726 510 3816 quirendum
533 3731 605 3796 est.

354 3894 513 3962 Dictum
540 3881 620 3972 iam
653 3897 731 3971 est,
750 3889 952 3974 pulmones
982 3895 1152 3962 thoracis
1185 3909 1327 3960 cavum

230 4088 232 4094 s
269 3997 440 4085 undique
459 3998 707 4081 contingere,
729 3999 956 4084 nullumque
979 4001 1106 4065 aiirem
1130 4001 1233 4065 inter
1256 4021 1325 4066 eos

269 4111 308 4168 et
326 4106 503 4187 pleuram
527 4102 690 4170 existere
713 4100 1185 4186 (§§.319.320.);vidimus
1209 4125 1324 4190 prae·
1405 4123 1411 4136 ·

218 4261 228 4275 ,
268 4213 398 4288 terea,
431 4228 606 4292 asperam
646 4207 832 4292 arteriam
865 4215 902 4272 et
934 4210 1128 4274 bronchos
1159 4209 1323 4276 annulis

268 4314 451 4410 componi
471 4309 761 4399 cartilagineis,
787 4313 851 4402 qui
875 4309 917 4380 in
941 4313 1158 4383 minoribus
1189 4311 1320 4376 adhue

1199 4431 1323 4482 ratim
