2912 5000
249 393 330 494 ,⁴¹²
431 381 518 450 Ina.
539 379 568 446 1.
586 352 680 448 car,
697 377 749 445 v.'
762 380 819 447 De
839 393 1126 450 snsoarrrone

262 533 328 598 ‘rel
346 528 417 596 ubi
452 535 709 615 systematum
732 535 771 594 et
798 545 1030 614 organorum
1061 529 1323 616 singularium

264 640 371 720 justa
392 632 558 700 defuerit
579 631 737 716 energia
755 637 794 696 et
813 638 1021 697 concentus
1045 630 1210 696 debitus.
1222 637 1324 700 Tum

267 740 373 804 enim
391 738 659 804 haematoseos
683 755 885 819 processus
908 755 996 800 cum
1022 735 1237 802 intensiore
1260 738 1323 801 in·

263 843 369 909 cedit
397 842 574 926 energia,
603 845 803 926 comparet
834 839 956 904 febris
987 841 1217 918 manifesta,
1247 861 1322 926 pro

263 949 377 1014 varia
392 933 596 1012 causarum
620 944 753 1008 indole
775 941 1108 1026 diversisstipsta
1127 947 1322 1012 morbosis

262 1049 559 1136 phoenomenis.
604 1047 943 1112 consternatum
977 1045 1107 1112 ethic
1135 1049 1325 1116 differen-

264 1159 346 1218 tem
367 1151 546 1236 subigere
578 1155 617 1215 et
647 1151 900 1243 adsimilare,
922 1149 983 1214 vel
1009 1149 1215 1214 eliminare
1239 1173 1324 1217 ma-

263 1259 430 1336 teriam,
450 1259 553 1344 quod
575 1280 855 1348 nonnunquam
872 1277 941 1342 per
961 1255 1110 1322 lentam
1132 1259 1322 1338 mutatio·

263 1381 355 1430 nem
379 1367 489 1452 (lys
503 1368 585 1456 in)
608 1370 881 1455 consequitur;
903 1365 1000 1430 alias
1028 1367 1194 1430 materia
1214 1366 1324 1431 noci-

263 1489 318 1562 va
336 1479 406 1552 per
430 1471 561 1536 varias
579 1473 811 1537 sacrationes
825 1514 836 1549 ,
848 1470 1071 1556 quantitate
1093 1473 1224 1532 auctas
1235 1509 1246 1543 ,
1260 1469 1326 1534 vel

267 1576 461 1658 qualitate
473 1580 661 1654 mutatas,
678 1577 907 1641 eliminatur
921 1572 939 1653 (
954 1573 1159 1660 crisos),
1170 1579 1237 1636 aut
1257 1571 1325 1635 de·

206 1704 208 1722 ·
266 1680 431 1770 ponitur
444 1681 487 1744 in
499 1684 612 1765 parte
632 1681 765 1769 aliqua
779 1678 953 1764 corporis
970 1677 1026 1759 (m
1038 1684 1085 1744 et
1096 1677 1255 1744 astaci
1268 1676 1324 1764 s).

729 1876 758 1948 §-
800 1877 875 1950 384·

292 2011 296 2021 ¹
349 2015 716 2120 Haematoseos
748 2021 887 2120 ratio
919 2060 966 2121 et
995 2053 1236 2150 effectus.

350 2217 521 2300 Apparet:
542 2237 586 2280 ex
609 2215 681 2294 iis,
706 2235 803 2302 quae
823 2221 939 2302 paulo
960 2223 1050 2282 ante
1075 2215 1324 2296 adduximus,

266 2325 436 2409 quantus
465 2321 688 2407 requiratur
718 2321 864 2386 virium
902 2326 940 2384 et
967 2340 1197 2406 organorum
1230 2299 1324 2386 con-

268 2433 423 2504 centus,
446 2409 491 2489 ui
511 2427 667 2511 sanguis
695 2432 879 2508 paretur,
898 2425 1038 2491 mistio¹
1055 2424 1136 2510 ejus
1156 2431 1196 2508 et
1220 2423 1327 2490 vita·

265 2525 358 2596 litas
379 2537 664 2596 conserventur.
679 2531 821 2596 Omnes
844 2531 950 2595 enim
968 2529 1188 2594 functiones
1203 2548 1323 2614 ,quas

265 2625 467 2726 hucusque
479 2635 763 2717 descripsimus,
776 2653 862 2699 eum
874 2633 1022 2699 habent
1040 2631 1199 2716 scopum
1213 2652 1326 2718 prae-

270 2741 450 2821 cipuum,
471 2743 516 2802 ut
546 2737 711 2802 vitalem
733 2757 823 2802 eum
850 2737 1033 2817 laticem,
1058 2735 1126 2824 qui
1148 2759 1216 2822 per
1248 2757 1325 2801 nu-

144 2881 146 2887 =
266 2842 475 2907 tritionem
507 2841 681 2926 partium
721 2842 904 2907 continuo
937 2847 1135 2918 mutatur,
1169 2843 1229 2907 ita
1260 2863 1325 2907 re·

266 2950 468 3027 stam-ent,-
490 2965 566 3032 quo
589 2949 777 3030 tanquam
800 2943 923 3009 vitale
954 2945 1255 3011 incitamentum
1278 2944 1326 3030 (§.

265 3053 364 3137 219.)
387 3048 546 3114 adsidue
567 3065 676 3134 agere
691 3055 829 3135 ‚atque
851 3049 1057 3113 materiam
1077 3055 1116 3113 et
1136 3050 1238 3114 vires
1260 3069 1325 3112 or·

265 3169 458 3235 generum
490 3173 534 3216 ac
555 3157 811 3238 systematum
833 3169 1059 3216 conservare
1077 3153 1211 3235 possit.
1245 3153 1326 3217 Ad-

265 3261 380 3341 paret
408 3277 523 3341 porro
545 3273 699 3320 summa
729 3253 997 3320 haematoseos
1022 3255 1064 3321 in
1093 3258 1326 3322 oeconomia

269 3357 437 3422 animali
460 3357 657 3443 dignitas,
680 3357 797 3435 adeo,
820 3363 864 3420 ut
888 3358 1056 3450 evictum
1084 3359 1236 3442 penitus
1257 3357 1325 3434 sit,

267 3460 476 3527 secundam
506 3460 773 3525 valetudinem
805 3482 828 3524 a
857 3458 992 3526 debita
1018 3459 1131 3548 hujus
1166 3465 1325 3547 organi-

271 3585 337 3630 cae
369 3563 587 3631 lunctionis
626 3565 848 3630 conditione
884 3566 1047 3648 penitus
1076 3567 1324 3652 dependere,

268 3674 388 3755 prout
415 3690 460 3732 ex
489 3673 600 3752 parte
625 3669 751 3732 altera
780 3667 1023 3750 exploratum
1051 3665 1263 3747 habemus,
1294 3670 1328 3734 i-

266 3789 355 3856 psas
387 3771 589 3856 sanguinis
611 3770 729 3856 justas
754 3772 964 3857 qualitates
986 3791 1010 3833 a
1037 3773 1206 3836 normali
1234 3773 1325 3838 sun·

266 3879 444 3943 ctionum
466 3860 737 3960 organicarum
766 3880 871 3939 statu
894 3875 1122 3959 repetendae
1143 3897 1231 3942 esse.
1255 3879 1324 3944 Est

265 3983 400 4068 itaque
433 3980 588 4067 sanguis
617 3984 803 4063 tanquam
832 3997 943 4041 causa
974 3985 1013 4042 et
1035 3975 1193 4043 effectus
1213 3979 1323 4044 vitae

266 4085 388 4149 simul
412 4081 736 4158 considerandus,
755 4086 800 4146 ut
824 4079 945 4164 igitur
972 4080 1139 4144 evictum
1160 4080 1230 4146 sit:
1253 4082 1322 4145 vi·

266 4197 369 4254 tam
393 4187 780 4278 individuamet
802 4186 1078 4251 sanitatem
1101 4193 1201 4252 tum
1224 4187 1323 4251 sal-

167 4367 171 4378 .
265 4291 659 4371 tumaxistare,
690 4288 777 4356 ubi
805 4289 1018 4376 sanguis
1048 4289 1219 4360 fuerit
1250 4309 1322 4358 sa·
