2912 5000
257 367 367 430 secr.
385 364 413 432 1.
432 363 490 427 Ds
509 361 819 464 sressrron'rsos
840 365 1090 444 euurasrrrr.
1152 379 1215 449 313

171 505 488 594 paroncbymetis
505 499 654 570 febrire
683 509 735 590 (5.
762 505 881 589 198.),
905 525 1021 588 quam
1043 508 1086 572 in
1108 508 1217 591 gian-

173 613 273 678 d-ulis
297 609 525 698 estivalibus
545 608 589 688 (ς.
611 611 720 694 273),
739 610 780 672 iu
801 618 1008 692 pancrsete
1032 610 1083 695 (ς.
1105 615 1216 700 2980,

172 720 217 784 in
238 720 377 799 hepate
400 717 452 796 (t.
472 711 574 796 290.)
597 719 635 778 et
663 713 704 778 in
732 714 822 780 aliis
846 716 1035 780 cernimus
1061 717 1217 800 organis

171 820 402 888 secretoriis.
426 815 622 897 Differunt
643 817 775 880 eadem
800 836 945 902 organa
966 820 1085 883 etiam
1115 821 1218 884 inter

173 947 214 991 se
235 921 477 1008 generalibus
499 919 732 1007 quibusdam
762 921 1069 1000 characteribus,
1096 912 1218 1002 adeo,

172 1033 219 1091 ut
240 1027 335 1105 ills,
354 1045 450 1112 quae
470 1043 536 1106 per
558 1023 779 1089 universum
810 1027 889 1088 fera
917 1045 1053 1108 corpus
1086 1021 1219 1091 distri·

173 1129 271 1194 buta
296 1133 408 1204 sunt,
443 1133 481 1189 et
508 1125 710 1190 humorem
739 1144 762 1189 a
790 1129 989 1212 sanguinis
1019 1121 1104 1192 iero
1139 1127 1218 1214 nori

176 1231 303 1294 multo
326 1225 572 1294 differentem
605 1231 826 1304 secernunt,
850 1223 1218 1322 simpliciorem'he}

170 1331 292 1396 beant
317 1331 508 1396 fabricam
532 1350 575 1394 ac
596 1350 668 1412 ea,
696 1351 793 1418 quae
810 1333 1023 1400 'humorem
1050 1339 1216 1420 perenn

174 1435 289 1499 certis
319 1433 508 1498 duntaxat
535 1427 667 1500 usibus
700 1426 961 1516 destinatum,
984 1439 1046 1502 vel
1077 1419 1218 1528 afsan·

171 1539 290 1622 guina
309 1539 447 1602 saltem
458 1538 676 1621 plurimum
695 1537 991 1621 discrepantem.
1015 1539 1073 1604 Sic
1094 1555 1216 1603 meme

171 1639 319 1706 branae
350 1658 499 1705 serosae
519 1647 570 1705 et'
587 1641 687 1706 cutis
720 1647 878 1705 externa
900 1637 981 1705 so'lo
1004 1639 1218 1707 fere'vasu·

175 1735 262 1810 r'um
288 1743 554 1808 exhalantium
584 1746 772 1828 a'pparetu
802 1763 868 1807 sue
890 1741 1099 1831 perficiunt
1129 1749 1215 1808 mut·

176 1864 269 1908 nera
286 1864 297 1923 3
316 1847 450 1928 hepar·¹
466 1837 582 1921 ver-0¹,
614 1867 722 1910 renes
735 1863 751 1922 ,·
775 1851 891 1910 testes
928 1851 998 1911 etc.
1024 1845 1217 1937 fabricem

176 1947 387 2014 ostendunt
407 1951 520 2033 longe
541 1949 663 2033 magis
683 1941 951 2033 compositam.

199 2165 203 2178 .
259 2109 535 2178 Potesttamen
555 2109 821 2194 omnispaene
849 2111 1026 2195 organici
1049 2114 1220 2197 corporis

171 2229 262 2296 pare
281 2213 348 2276 sub
369 2211 483 2281 certis
506 2211 808 2280 circumstantiis
827 2213 870 2279 in
893 2221 1218 2300 organonmuta·

173 2317 209 2382 ri
233 2319 439 2384 maniseste
469 2335 680 2382 secernens.
710 2317 769 2384 Sic
796 2325 927 2409 partes
948 2319 1216 2396 inflammatae
1346 2310 1349 2320 ’

167 2422 378 2506 lympham
413 2419 716 2504 coagulebilem‚
746 2422 876 2486 ulcere
903 2439 997 2503 pus,
1020 2423 1217 2502 icborems,

172 2526 323 2592 saniem
360 2524 662 2606 tunduntr‘ipse
695 2523 813 2590 etiem
842 2524 1063 2590 abdominis
1095 2531 1215 2591 mete·

173 2629 340 2693 osismus
362 2627 465 2692 haud
488 2625 594 2692 eliud
616 2631 696 2706 est,
719 2646 837 2714 quum
856 2626 1036 2722 morbosa
1059 2626 1214 2694 tunicae

175 2733 448 2806 uerosee'ae'ris
464 2731 635 2798 secretio.

387 2985 411 3019 ,ι
621 2940 649 3013 §·
692 2951 767 3018 351·

439 3129 563 3206 Fons
593 3139 955 3206 secret'ionum.

253 3300 476 3366 Communis
516 3299 773 3366 secretionum
812 3299 1004 3386 scaturigo
1038 3299 1120 3382 ipsa
1158 3307 1216 3364 est

123 3400 129 3420 '
174 3405 331 3492 sanguis
364 3407 595 3484 atterimus,
632 3406 698 3490 qui
728 3405 861 3468 omnia
895 3403 937 3484 in
967 3426 1005 3470 ee
1045 3402 1218 3468 'continet
1288 3419 1296 3432 ’

170 3529 242 3596 pro
265 3509 426 3574 internis
454 3515 492 3572 et
511 3510 676 3574 externis
698 3507 975 3572 secretionibus
998 3507 1216 3573 necessaria

168 3614 367 3698 principia
399 3611 417 3695 (
434 3622 463 3690 §a
490 3615 601 3698 104).
634 3611 796 3678 Minime
826 3617 956 3676 autem
979 3613 1210 3677 credendum

167 3717 509 3796 ,est,secernendos
533 3704 710 3780 humores
726 3719 792 3792 ‚ut
819 3715 886 3778 cel.
901 3717 1115 3800 ,narraras
1136 3717 1217 3775 tra'·

174 3820 276 3884 didit
308 3822 370 3902 *),
391 3820 431 3884 in
464 3820 649 3909 sanguine
678 3819 757 3882 sere
788 3823 941 3902 paratos
974 3819 1134 3882 existere
1165 3816 1215 3897 (ς.

168 3916 294 4008 gua),
315 3942 447 3986 verum
469 3922 601 3989 insunt
625 3922 660 3984 ei
684 3919 806 3994 latici,
825 3919 1021 4006 principie
1052 3910 1212 3992 saltem,

172 4049 192 4092 e
223 4025 360 4112 quibus
390 4044 535 4113 organa
565 4025 822 4100 secernentie,
853 4024 1033 4108 specifice
1061 4019 1215 4103 energia

172 4131 368 4216 praedita,
388 4131 544 4214 gignere
562 4125 731 4194 diversos
754 4115 917 4210 possunt
937 4129 1126 4190 humores.
1158 4125 1212 4193 Eu
1287 4143 1323 4235 κ’

173 4238 296 4324 igitur
318 4255 482 4326 organa,
507 4255 603 4324 quae
621 4235 839 4302 uberiorem
858 4235 1059 4301 secernunt
1077 4223 1216 4300 bunio·
