2892 5004
375 367 483 454 Secu.
503 387 531 452 l.
552 385 612 453 De
633 399 724 452 cmo
744 401 796 454 rr
817 381 929 456 iore.
1136 399 1185 476 ιγ
1228 469 1232 484 ι

136 551 253 610 men,
275 532 373 599 ictae
402 533 633 618 praeprimis
647 573 658 608 ,
678 539 904 618 putrescunt
933 531 974 620 ·)
988 575 1000 611 ,
1027 544 1066 602 ot
1094 557 1182 602 con·

139 645 224 702 etat
252 639 587 704 observationibus
617 640 977 718 Jac·L1)tn,llenr'.
1006 644 1123 711 Multo
1147 647 1186 706 et

132 742 357 818 Demean,
378 760 518 829 aquom
537 742 758 826 pluviarum
776 746 818 809 in
834 745 995 828 tropicis
1014 746 1185 830 regioni-

66 893 72 902 .
130 843 212 908 buc
232 847 441 911 venenatae
467 844 626 910 omnino
653 847 849 912 continere
874 849 1084 930 particulae
1110 847 1186 936 ⁰⁸).

136 949 207 1014 Est
226 955 357 1014 autem
375 967 563 1038 aquarum
582 968 651 1032 pro
668 950 823 1016 ratione
841 951 1079 1018 diversarum
1095 971 1187 1034 par·
1298 951 1304 964 ’

137 1053 374 1130 ticularum,
395 1074 487 1141 quae
503 1054 725 1128 continent,
742 1055 930 1121 'divereuc
947 1057 1098 1121 effectus
1124 1044 1184 1138 α’),

137 1161 344 1242 potestque
366 1157 613 1245 decoctione,
634 1157 871 1236 filtratione,
890 1159 1087 1246 variisque
1116 1155 1183 1222 ad·

140 1257 436 1326 ditisremediis
457 1259 599 1344 corrigi
624 1259 686 1347 b).
1274 1239 1278 1256 ⁶

145 1399 150 1407 ’
223 1399 389 1490 Reliqua
406 1403 612 1488 potulenta
622 1441 634 1478 ,
655 1419 750 1488 quae
771 1403 834 1470 vel
851 1403 1101 1480 necessitate,
1120 1403 1182 1466 vel

135 1526 231 1573 vero
251 1490 465 1596 voluptatis
486 1525 600 1570 cauea
620 1503 662 1570 in
684 1525 795 1570 usum
828 1507 1042 1570 humanum
1070 1504 1205 1572 indum

139 1613 205 1670 cta
234 1607 422 1685 fuerunt,
444 1625 514 1694 pro
544 1605 697 1671 diversa
728 1605 916 1671 mixtione
944 1607 1096 1672 variam
1115 1607 1185 1670 ha·

136 1709 236 1774 bant
263 1705 454 1783 indolem,
475 1709 678 1796 variosque
703 1717 852 1794 ponunt
881 1709 1050 1776 effectus.
1094 1693 1203 1773 Poe-s

140 1816 233 1878 sunt
264 1815 392 1874 autem
427 1809 542 1878 facile
570 1811 611 1876 in
642 1817 843 1898 aequente·
872 1811 993 1898 redigi
1025 1813 1186 1876 claeeese

55 1957 56 1964 κ
142 1916 187 2001 1)
222 1915 318 1978 Sunt
353 1919 467 1997 potue
502 1914 675 1992 aciduli,
706 1917 748 1981 in
780 1917 917 2006 quibua
950 1919 1185 2002 oxygonium
1230 1953 1243 1966 =

137 2016 363 2101 praevalet3
381 2014 578 2100 pertinent
604 2017 679 2082 huc
707 2037 828 2104 aquae
852 2019 1049 2095 acidulae,
1074 2017 1184 2083 acido

140 2118 346 2184 carbonico
373 2123 563 2182 scatentes
581 2116 607 2194 ,‘
622 2125 773 2186 acetum
811 2120 925 2199 vini,
956 2123 1183 2214 cerevisiae,

125 2221 243 2292 ,succi
264 2219 409 2284 aciduli
427 2221 708 2305 vegetabilium
737 2222 846 2288 crudi
873 2229 911 2288 et
936 2223 1184 2300 fermentati,
1249 2283 1255 2302 ,

59 2411 63 2418 .
139 2341 268 2391 earum
296 2322 415 2400 ⁴lactis
443 2313 638 2392 ac'idulum
670 2330 742 2397 etc.
779 2325 1003 2394 conducunt
1031 2329 1126 2392 haec
1144 2325 1185 2390 in

139 2431 191 2496 iis
216 2429 363 2498 caribus
375 2469 387 2506 ,
406 2431 447 2494 in
478 2430 618 2516 quibus
640 2433 872 2516 vegetabilis
896 2428 1186 2498 commendatur

141 2529 250 2592 cibus
275 2525 327 2611 (§·
345 2530 464 2618 263.);
483 2543 561 2596 usu
575 2535 709 2595 tamen
730 2531 913 2598 diuturno
939 2534 1104 2598 maciem
1125 2532 1206 2595 in»

139 2629 307 2704 ducunt,
331 2639 369 2695 et
396 2629 499 2695 vidit
514 2631 723 2698 Hattln'us
751 2633 799 2696 ab
822 2641 955 2714 aceto,
976 2629 1183 2697 solvendae

142 2732 347 2796 obesitatie
378 2751 492 2814 cauea
522 2739 668 2810 eumto,
696 2736 906 2800 ventriculi
936 2734 1102 2818 parietes
1126 2733 1186 2797 in·

142 2841 330 2900 crassatos
354 2833 409 2920 c).
432 2836 475 2921 2)
496 2835 610 2900 Potue
637 2837 801 2912 aciduli,
830 2839 948 2902 simul
967 2833 1206 2920 spirituosi2·
1300 2855 1303 2874 ·

143 2946 188 3004 ut
219 2939 315 3006 vina
347 2939 530 3024 pleraque
567 2944 606 3003 et
642 2937 872 3006 fermentati
909 2935 1189 3022 vegetabilium

142 3043 250 3107 succi
271 3047 372 3106 sunt.
394 3041 549 3106 Praeter
569 3041 671 3106 vireo
688 3041 927 3118 inebriantes
947 3041 1042 3104 vina
1061 3039 1196 3102 diver-'

142 3169 208 3221 ea,
228 3167 299 3232 pro
319 3145 430 3211 varia
449 3145 579 3211 indole
614 3145 806 3221 chemica,
825 3145 953 3210 varios
976 3147 1125 3227 ponunt
1145 3139 1187 3206 in

142 3242 319 3314 humano
349 3251 506 3330 corpore
528 3243 703 3328 effectus.
735 3247 778 3334 3)
799 3248 1017 3323 cerevisia,
1042 3233 1187 3342 aliique
1284 3325 1287 3333 ¹

138 3347 372 3422 fermentati
392 3348 559 3434 liquores
570 3389 582 3426 ,
603 3369 623 3412 e
642 3345 807 3414 diversis
829 3348 1041 3420 cerealibus
1063 3351 1101 3414 et
1121 3355 1190 3408 ved

142 3450 373 3538 getabilium
406 3450 620 3520 seminibus
662 3449 828 3535 parati,
856 3442 1155 3532 mucilaginocae
1174 3445 1205 3522 ,ἶ

144 3553 415 3628 saccharinaa,
435 3573 607 3628 amarae,
620 3615 622 3620 ,
635 3553 869 3622 aromaticae
889 3558 970 3626 etc..
987 3550 1188 3618 continent

143 3656 381 3743 particulas,
400 3674 495 3742 quae
523 3653 614 3728 dein
643 3653 796 3734 variam
826 3655 878 3718 eie
899 3656 1080 3720 tribuunt
1107 3653 1187 3716 vir-

144 3767 292 3836 tutemg
312 3761 406 3821 nota
427 3762 483 3820 oct
501 3756 708 3820 cerevisiae
728 3777 806 3820 non
826 3749 955 3822 debite
974 3757 1186 3819 fermenta-

146 3869 232 3938 tae„
251 3862 449 3944 copiosum
477 3860 630 3932 aoid-um
658 3861 906 3924 carbonio‘um
934 3857 1188 3931 continentie,
1306 3943 1310 3946 .

145 3967 366 4054 perniciosa
387 3965 430 4030 in
454 3964 539 4028 vias
561 3965 754 4029 urinariae
785 3950 972 4034 efficacia.
993 3965 1187 4058 miquo·

141 4091 204 4134 ree
225 4067 409 4146 cremati,
429 4067 658 4151 ‘spirituoai,
680 4067 841 4134 diversis
863 4063 975 4151 caepe
998 4065 1187 4134 aromati-

145 4175 216 4238 bus
236 4193 281 4253 co
336 4170 402 4244 iti,
423 4169 775 4236 inflammabilibue
793 4169 1053 4243 abundantes,
1071 4165 1105 4232 si
1125 4189 1187 4232 ra·

146 4280 270 4346 riores
297 4274 538 4357 excipiantur
552 4273 854 4351 caeue,eanita'ti
876 4271 1033 4352 omnino
1053 4271 1197 4359 perui-¹
1261 4259 1264 4266 ⁴
