2892 5004
262 325 326 432 Ao‘
358 351 444 418 Lrs.
459 353 490 419 1.
502 353 593 418 cer
605 349 632 418 1.
644 351 703 418 De
716 366 914 423 scrutur
926 367 1232 428 insomnem.-

253 529 258 536 ·
347 499 440 567 Cum
462 475 594 560 eadem
625 515 783 560 mucosa
805 497 937 562 tunica
963 499 1139 580 palatum
1170 498 1315 565 durum

263 600 437 674 vestit,
426 619 553 686 1psum
583 601 758 681 palatum
770 579 908 664 molle
938 601 1111 688 effingit,
1142 603 1285 689 quod
1273 624 1319 667 m

263 712 415 789 septum
452 707 764 770 membranaceo·
767 709 1026 772 musculosum
1065 701 1321 791 producitur,

127 821 130 832 ·
228 809 429 871 svelum
457 807 753 892 palatinum
783 809 941 895 dictum.
973 811 1177 896 sejungit
1179 811 1219 874 id
1244 833 1317 876 ve-

134 904 136 911 ’
232 891 379 973 lum
368 931 505 976 cavum
526 913 602 997 pris
626 933 648 974 a
673 913 848 976 faucium
870 923 988 990 cavo,
1013 913 1184 1003 ipsisque
1203 915 1315 978 neri-

261 1013 334 1076 bus
361 1014 656 1096 posterioribus
693 1017 876 1080 valvulae
918 1016 1096 1080 adinstar
1136 1017 1318 1081 inservit.

175 1181 178 1186 Δ
265 1117 425 1180 Constat
446 1111 592 1200 duplici
611 1119 858 1184 membranae
875 1140 1052 1186 mucosae
1072 1088 1238 1206 pagina,
1252 1140 1318 1184 co-

265 1221 418 1304 piosum
456 1239 609 1284 mucum
642 1221 852 1298 fundente,
876 1229 914 1286 et
943 1223 1125 1288 musculis
1153 1224 1318 1308 interje-

268 1327 362 1400 ctis,
383 1325 522 1410 quibus
544 1343 612 1409 pro
637 1327 803 1392 arbitrio
822 1329 982 1392 mobilis
1005 1335 1073 1393 est.
1096 1331 1317 1414 Luevator

211 1499 214 1506 ,
260 1430 386 1513 pal-ati
409 1429 540 1491 mollis
570 1425 1160 1517 (petrosalpingostaphylinus)
1180 1433 1316 1497 velum

193 1617 195 1622 Ι
261 1532 583 1624 adtollit,nares
616 1531 848 1612 posteriores
884 1533 1054 1610 claudit,
1082 1537 1121 1598 et
1145 1534 1319 1618 ampliat

214 1627 218 1634 ’
257 1637 381 1702 'simul
413 1636 604 1698 isthmum
626 1635 814 1700 faucium.
855 1637 1021 1702 Musculi
1046 1639 1316 1722 glopssopa-

261 1736 462 1822 latinus
504 1741 542 1800 et
579 1737 1150 1823 pharyngopalatin'us
1182 1735 1323 1804 velum'

139 1889 141 1897 ,
262 1841 520 1910 detrahunta
550 1843 710 1906 choanis
740 1844 915 1929 narium,
942 1863 1015 1930 quo
1046 1865 1157 1912 nares
1180 1841 1328 1928 poste·'
1382 1839 1393 1850 ‘

259 1932 656 2028 rioresaperiuntur'²
680 1947 847 2012 isthmus
875 1948 1047 2011 faucium
1081 1953 1315 2034 coangusta·

255 2050 320 2108 tur
327 2085 341 2126 ,Ι
364 2051 480 2130 atque
500 2049 684 2112 tonsillae
703 2051 822 2114 simul
848 2044 1182 2134 comprimuntur,
1205 2051 1311 2114 Cir·

255 2149 1311 2236 cumflexuspalatis.tensorvelumpendulum
1423 2139 1426 2146 ⁴

160 2314 162 2320 .
238 2251 299 2330 ‚in
319 2256 430 2332 parte
460 2255 658 2336 superiore
680 2254 728 2319 ad
751 2245 1107 2342 utrumque'xtendit
1125 2258 1240 2326 latus.
1265 2259 1312 2326 Iu

215 2359 216 2362 ’
258 2357 387 2420 media
417 2363 455 2422 et
475 2359 616 2422 infima
637 2361 716 2425 veli
745 2361 914 2444 palatini
944 2367 1060 2446 parte
1090 2360 1223 2426 conica
1251 2367 1310 2427 est

259 2461 489 2542 elongatio,
519 2465 787 2548 cryptularum
827 2481 1070 2562 mpcosarum
1108 2463 1312 2550 congerie,

257 2569 443 2634 celluloso
464 2571 581 2632 textu'
593 2576 631 2634 et
650 2569 805 2634 mucosa
834 2568 970 2632 tunice
1002 2569 1191 2646 con-flate,
1211 2573 1310 2656 queo

255 2691 283 2734 u
296 2693 317 2736 v
332 2671 379 2736 ul
397 2693 418 2734 a
441 2671 596 2744 dicitur,
620 2673 792 2736 Possidet
815 2653 934 2735 uvula
945 2714 958 2749 ,
977 2676 1195 2738 musculum
1218 2693 1307 2766 pro·

258 2777 410 2860 prium,
432 2791 627 2860 azygon
649 2778 859 2870 uentae,
880 2797 952 2861 quo
977 2777 1138 2854 adduci,
1157 2778 1314 2868 ejusque

255 2899 353 2962 apex
369 2873 764 2944 antrorsum'curvari
785 2885 927 2963 potest.
951 2881 1007 2946 Ab
1031 2884 1153 2946 uvula
1174 2881 1308 2946 eadem

103 3057 109 3072 ,
223 2975 228 2984 ’
254 2999 389 3064 margo
411 2980 490 3045 veli
508 2982 676 3066 palatini
700 2981 747 3045 ad
768 2983 868 3048 latus
889 2968 1088 3068 singulum
1109 2983 1151 3052 in
1177 2999 1310 3047 arcum

261 3089 455 3164 excurrit,
475 3089 540 3172 qui
553 3088 623 3151 sub
644 3107 713 3150 suo
726 3086 775 3151 ad
805 3087 927 3152 latera
958 3087 1139 3157 descensu
1163 3089 1205 3153 in
1236 3088 1311 3151 duo

259 3191 345 3254 abit
368 3212 497 3256 crura:
521 3211 605 3276 crus
629 3181 825 3267 anterius,
849 3210 915 3254 seu
936 3207 988 3256 ar
1002 3210 1082 3254 cus
1112 3192 1309 3276 glosso-

258 3315 317 3377 pa
330 3295 342 3356 l
356 3295 529 3358 atinus
540 3337 551 3371 ,
571 3295 616 3358 in.
638 3295 793 3378 linguae
817 3295 901 3358 abit
921 3293 1118 3372 tunicam
1138 3314 1221 3358 crus
1239 3312 1308 3376 po·
1351 3335 1357 3344 -

258 3395 424 3472 sterius,
458 3421 523 3462 seu
554 3416 699 3461 arcus
723 3395 1307 3480 -pharyngopalatinus,

257 3500 553 3566 inlateralibus
576 3497 788 3582 pharyngis
822 3496 1035 3578 perietibus
1066 3495 1220 3562 dormit.
1244 3500 1306 3563 ln·

257 3608 319 3668 ter
339 3605 408 3668 hos
440 3603 564 3686 palati
597 3620 732 3674 arcus,
754 3597 801 3663 ad
830 3599 1027 3683 singulum
1059 3599 1230 3662 faucium
1249 3601 1311 3664 ia·

197 3695 203 3708 ’
249 3713 342 3782 tus,
363 3703 547 3772 tonsillae
566 3708 758 3778 haerent,
774 3723 870 3791 quae
892 3703 1100 3787 oblongam
1123 3703 1306 3768 exhibent

250 3819 296 3898 ,et
319 3811 571 3876 rotundatam
586 3810 851 3892 cryptularum
863 3807 1149 3906 mucipararum
1171 3825 1307 3892 conge·

258 3912 570 3992 riem,ductu1is
593 3912 884 3978 excernentibus
904 3912 1158 3986 instructam,
1176 3929 1305 3978 muco·
1396 3947 1399 3952 -

260 4042 301 4086 so
328 4021 550 4084 velamento
571 4015 774 4080 munitam.

266 4163 269 4168 ’
343 4157 518 4225 Arteriae
548 4160 672 4238 palati
705 4160 793 4224 duri
814 4161 863 4224 ab
892 4157 1046 4224 arteriis
1076 4151 1304 4243 palatinali-

258 4265 332 4334 bus
358 4259 643 4343 anterioribus,
662 4265 792 4332 mollis
812 4283 903 4330 vero
932 4262 1059 4350 palati
1083 4285 1107 4329 a
1126 4268 1306 4347 pterygof
