2956 4996
191 389 298 480 saer.
309 383 374 452 ΙΙΙ.
393 357 452 453 Dr
466 399 644 452 caturco
667 401 883 460 asseram.
904 403 1085 478 arrreru.
1128 363 1187 479 ῆι

142 529 212 616 b),
234 537 272 592 et
289 530 477 612 comperit
500 543 538 606 14
556 527 651 612 poll.
677 531 760 593 cub.
781 531 881 597 airis
911 539 1091 598 consuete
1121 537 1189 600 ed·

144 631 358 714 spiratione
377 633 418 698 in
447 635 650 716 pulmones
673 633 830 713 deduci,
855 652 917 718 109
943 639 1036 718 poll.
1059 643 1189 704 autem

142 741 231 818 post
253 737 461 816 perfectam
482 737 777 818 respirationem
798 737 840 800 in
858 738 1109 820 pulmonibus
1131 763 1191 806 re·

145 858 314 905 manere.
347 841 526 906 Ostendit
554 847 686 904 tamen
713 841 918 925 Bosrocn,
948 843 1189 932 Goodwyni·

142 963 222 1008 aua
242 948 415 1029 pericula
428 945 534 1010 talia
565 943 668 1008 haud
697 965 801 1022 esse,
820 949 863 1008 ut
886 965 1040 1011 omnem
1069 969 1189 1014 mere-

148 1055 264 1114 antur
295 1049 414 1113 fidem
444 1051 500 1134 c).
541 1047 657 1111 Varia
687 1048 806 1112 etiam
838 1051 895 1110 est
923 1049 1023 1112 ae'ris
1053 1051 1187 1136 copia,

146 1173 262 1240 quam
292 1156 699 1230 susum,st01sras
722 1159 760 1217 et
790 1153 908 1221 Davi
937 1153 979 1220 in
1009 1158 1092 1223 suis
1126 1159 1187 1226 in·

145 1259 335 1342 spiratum
358 1258 611 1324 observarunt
631 1257 813 1341 periculis
840 1257 900 1342 d).

229 1420 322 1482 Cum
349 1415 367 1482 J
379 1417 619 1482 uriniano
643 1417 787 1481 calculo
811 1417 982 1484 maxime
1008 1419 1187 1504 congruit

143 1541 192 1584 ea
213 1521 475 1602 computatio,
500 1541 615 1606 quam
636 1523 814 1585 Mutuus
839 1541 905 1604 per
926 1521 1190 1604 experimenta

142 1624 364 1704 saepissime
387 1625 528 1689 iterata
549 1623 651 1688 eruit
670 1625 711 1710 e)
723 1671 733 1704 ,
751 1631 881 1710 estque
902 1626 997 1690 haec
1020 1621 1079 1690 Βό
1093 1633 1187 1690 eto·

143 1747 163 1788 c
176 1726 199 1788 k
212 1727 224 1788 i
238 1747 259 1790 o
282 1732 319 1789 et
339 1726 425 1788 aliis
447 1721 689 1812 ph'ysiologis
716 1725 1065 1814 probatissimas).
1098 1727 1187 1793 Ute-

144 1830 260 1894 batur
285 1829 348 1894 vir
374 1827 446 1894 iste
467 1832 620 1906 vesica,
643 1832 800 1896 vulvula
822 1829 1009 1914 peculiari
1042 1833 1187 1898 instru-

146 1941 230 2008 cta,
253 1941 296 2000 ut
318 1935 416 2000 a'e'ris
451 1933 639 2019 adspirati
669 1943 707 2000 et
735 1935 922 2019 exspirati
951 1933 1187 1999 determina·

144 2044 205 2102 ret
222 2039 482 2122 quantitatem
509 2040 577 2127 g);
599 2045 642 2106 ut
672 2061 766 2104 vero
804 2043 953 2103 erueret
966 2085 977 2116 ,
999 2047 1189 2124 quantum

145 2144 284 2208 thorax
305 2131 381 2205 sub'
402 2147 567 2228 utroque
587 2141 857 2226 respirationis
883 2149 1079 2207 momento
1104 2166 1188 2207 am·

143 2248 291 2332 plietur
313 2253 350 2312 et
372 2248 644 2322 contrahatur,
661 2247 838 2326 homines.
859 2247 899 2310 in
921 2247 1103 2310 balneum
1124 2248 1191 2312 de·

145 2350 228 2425 dit,
250 2351 297 2414 ad
324 2353 526 2435 sanguinis
561 2358 732 2435 teporem
764 2352 1027 2426 calefactum,
1052 2351 1190 2433 ipsius-

145 2473 220 2542 que
241 2475 361 2540 equae
374 2477 570 2522 ascensum
586 2463 624 2522 et
642 2455 860 2520 descensum
877 2449 1059 2540 advertitss
1080 2458 1190 2521 Gom-

142 2557 247 2641 perit
263 2579 351 2622 vero
373 2559 433 2622 his
456 2559 662 2641 periculis,
682 2562 722 2642 56
741 2561 890 2624 vicibus
914 2549 1115 2642 repetitis,
1141 2561 1191 2625 ad

143 2660 339 2744 ringulam
368 2661 666 2744 inspirationem
695 2676 739 2739 40
768 2664 864 2746 poll.
895 2665 983 2726 cub.
1012 2663 1186 2738 hauriri,

143 2767 260 2852 atque
291 2759 522 2826 tantundem
542 2764 587 2828 de
613 2765 699 2828 aiire
721 2765 980 2848 exspiratione
1008 2766 1138 2838 reddis
1157 2766 1190 2827 i·
1306 2790 1317 2808 ·

114 2937 120 2951 .
145 2883 232 2948 psus
251 2874 341 2934 vero
362 2868 565 2950 pulmones
587 2887 659 2948 219,
674 2869 736 2930 vei
756 2874 800 2932 ut
821 2867 1003 2935 Bosroca
1023 2869 1118 2937 dicit
1129 2869 1194 2952 h),

145 2973 211 3039 280
233 2967 324 3052 poll.
345 2970 429 3066 cub.
454 2990 610 3056 capaces
637 2993 726 3038 esse.

227 3129 335 3212 Quod
357 3117 620 3196 remanentem
641 3132 682 3196 in
705 3131 954 3213 pulmonibus
985 3137 1075 3215 post
1107 3131 1190 3195 sin-

144 3234 275 3319 gulam
316 3235 613 3316 respirationem
651 3237 750 3316 aliris
779 3235 876 3300 facit
914 3238 1098 3318 copiam,
1130 3237 1190 3300 ita

35 3325 41 3336 ’
142 3335 334 3402 sentiente
369 3337 667 3418 Eustochio,
697 3342 906 3406 Goonwrx
937 3342 1084 3424 optime
1122 3341 1189 3404 de·
1280 3331 1289 3350 “

142 3441 373 3506 terminavit
393 3487 406 3522 ,
432 3447 604 3506 statuens
636 3461 697 3524 109
716 3460 719 3468 ·
735 3445 830 3527 poll.
861 3447 942 3510 cub.
964 3465 1187 3526 superesse.

140 3545 193 3610 Ex
224 3543 401 3607 omnibus
441 3549 571 3608 autem
600 3544 661 3610 his
690 3547 899 3626 periculis,
932 3544 980 3610 ad
1009 3547 1189 3616 debitum
1281 3625 1291 3641 1
1346 3529 1351 3536 ’

113 3712 118 3731 ¹
141 3647 331 3710 calculum
352 3634 512 3722 sumtis,
537 3666 623 3710 cum
646 3647 778 3732 aliqua
806 3647 1086 3730 probabilitate
1109 3655 1189 3712 sta·
1272 3713 1274 3720 ,

138 3746 199 3810 tui
228 3752 376 3829 potest:
404 3747 602 3812 moderata
641 3749 900 3830 exspiratione
933 3747 1187 3834 rs7'partem,

138 3849 317 3912 violenta
336 3869 427 3912 vero
450 3851 566 3932 paulo
585 3851 670 3930 plus
693 3869 807 3935 quam
830 3851 891 3944 ψ
912 3851 1012 3914 ae'ris
1028 3853 1075 3914 ⁴iu
1098 3853 1186 3932 pul-

137 3950 319 4014 monibus
350 3954 522 4016 contenti
555 3953 721 4036 expelli,
742 3959 946 4034 totamque
968 3953 1048 4034 eius
1073 3951 1188 4020 fluidi

137 4052 292 4116 elastici
323 4049 500 4135 copiam,
524 4073 619 4138 quae
651 4073 718 4135 per
746 4056 946 4118 hominem
979 4071 1115 4116 sanum
1145 4057 1185 4116 et

135 4153 315 4218 adultum
338 4155 445 4219 intra
467 4169 509 4230 ua
529 4155 714 4220 horarum
746 4159 916 4238 spatium
945 4155 1182 4238 respiretur,

137 4259 201 4324 666
222 4259 275 4346 ise
290 4258 412 4356 'pedes
439 4259 596 4326 cubicus
616 4256 772 4343 efficere
792 4261 843 4346 i).
