2922 4996
273 414 337 482 180
379 403 1229 482 er.1.crr.11.Dtsrrmnrr.nrsnsrrorr.
1293 469 1304 490 .
1348 449 1386 466 -ν

354 547 762 623 mnaoamm,Mrerrn
783 555 821 612 et
839 533 1096 623 caurrsnauu
1115 555 1319 640 lympham

355 653 486 716 albam
507 653 548 716 in
568 651 678 714 venis
698 649 974 717 intestinorum
994 655 1050 738 h).
1083 658 1229 724 Multae
1259 668 1316 725 et·

352 751 433 816 iem
448 759 606 820 „exstant
629 753 916 816 ohservationes
928 797 940 830 ,
951 754 1096 838 quibus.
1111 760 1315 840 probabile
1356 765 1360 772 '

353 840 549 932 redditur,
570 857 725 939 adipem
752 877 775 918 a
789 857 896 920 venis
920 860 1129 937 resorberi,
1150 871 1217 927 aut
1237 867 1315 930 sal-

223 1041 226 1046 ·
351 968 432 1027 tem
454 961 596 1046 pingue
618 959 658 1024 id
682 945 812 1028 oleum
833 979 900 1042 per
920 962 1080 1028 subtiles
1105 965 1314 1053 absorben-

352 1061 453 1130 tium
470 1075 650 1130 vasorum
666 1063 836 1132 surculos
854 1064 895 1128 in
914 1085 1099 1130 venosum
1116 1066 1211 1156 ferri
1225 1095 1313 1138 san·

348 1171 519 1254 guinem.
542 1163 646 1236 Vidit
668 1171 772 1235 enim
798 1169 1109 1240 svszra‘oleosas
1141 1179 1312 1260 particu·
1378 1251 1381 1258 ‚

351 1273 409 1340 las
427 1273 628 1357 sanguini,
640 1295 669 1360 a·
681 1273 874 1338 Marmota
894 1271 1034 1339 cricsto
1058 1277 1127 1342 sub
1146 1279 1309 1363 hyema-

256 1451 258 1456 .
348 1378 378 1441 li
400 1397 534 1440 somno
558 1376 752 1455 detracto,
776 1365 957 1462 innatare
978 1379 1309 1464 i);‚Gtrssort1uS,
1416 1369 1425 1382 ’

269 1471 279 1548 J
344 1479 556 1544 Minrrour
582 1485 620 1543 et
640 1481 813 1544 Hnwsor
835 1499 961 1542 serum
990 1483 1190 1566 sanguinis
1223 1488 1309 1570 glo-

342 1583 446 1649 bulis
467 1583 631 1668 adiposis
652 1583 838 1646 refertum
863 1591 1153 1666 compererunt,
1175 1596 1307 1674 estque

208 1696 217 1704 '
278 1739 283 1754 .
344 1687 388 1750 in
413 1687 549 1769 vulgus
572 1691 707 1748 notum
718 1683 932 1760 ‚animalia
951 1686 1130 1770 saginata
1148 1689 1307 1774 pingui·

147 1783 163 1853 .'
227 1867 232 1876 ἱ
345 1791 473 1853 culum
504 1783 658 1854 habere¹
669 1808 896 1872 sangumem
907 1829 918 1862 ,
939 1795 982 1853 ut
1013 1790 1145 1856 LEnltn
1169 1795 1214 1858 de
1235 1817 1306 1858 an
1366 1849 1370 1856 .

345 1913 429 1956 sere
458 1898 648 1971 mactato,
675 1889 760 1954 loco
787 1891 987 1973 sanguinis
1015 1893 1147 1966 album
1179 1896 1305 1982 liquo-

344 2015 425 2060 rem
444 1993 641 2069 stillante,
662 1996 827 2091 testatus
850 1999 907 2056 est
913 1987 1018 2077 11).-

381 2154 423 2239 5)
445 2153 512 2216 His
535 2151 700 2240 denique
723 2149 815 2214 addi
837 2157 987 2234 potest,
1009 2153 1301 2238 absorptionem

220 2257 223 2266 ’
341 2255 383 2320 in
410 2255 610 2320 mollusois
639 2259 677 2318 et
702 2253 889 2328 insectis,
924 2255 992 2320 ubi
1022 2258 1133 2321 nulla
1162 2257 1302 2324 adsunt

340 2379 432 2424 vasa
453 2357 577 2422 lactea
597 2361 666 2420 aut
685 2354 930 2440 lymphatica
948 2359 998 2442 (§.
1010 2359 1120 2447 ²83·)r
1137 2379 1205 2442 per
1225 2363 1300 2426 ali-

338 2460 594 2530 ud'vasorum
627 2477 750 2544 genus
768 2458 926 2541 perfici,
952 2466 1066 2550 atque
1088 2464 1213 2530 foetus
1245 2474 1301 2532 et·
1362 2477 1367 2486 '

338 2569 419 2634 iam
461 2568 682 2640 observatos
714 2565 859 2642 fuisse,
891 2565 932 2630 in
963 2569 1102 2650 quibus
1132 2573 1299 2638 arteriae
1350 2579 1351 2586 ’

339 2676 409 2734 aut
430 2690 552 2734 venae
552 2668 793 2754 aliquarum
822 2669 995 2750 partium
1026 2669 1298 2740 desideraban-

223 2784 226 2792 “
288 2831 290 2836 .
338 2779 432 2848 tur,
464 2779 531 2835 aut
562 2769 689 2857 ipsum
721 2770 837 2852 plane
875 2789 939 2836 cor
972 2771 1149 2837 defuerat
1170 2773 1228 2863 1),
1253 2783 1298 2842 ut

337 2875 433 2943 adeo
461 2881 632 2961 systema
659 2871 821 2958 quodvis
859 2871 973 2964 plura
1000 2871 1130 2938 ostioia
1165 2895 1296 2960 gerere

334 3000 446 3064 posse
477 2977 729 3042 manifestum
765 2975 847 3050 sit,
880 2974 1020 3058 quod
1008 2995 1136 3069 speum
1174 3001 1295 3046 venae

333 3075 606 3152 umbilioales‚
628 3079 796 3142 lacteum
814 3075 1017 3143 humorem
1036 3099 1081 3144 ex
1100 3079 1294 3162 placenta,

316 3184 415 3245 ut
404 3204 446 3246 in
471 3182 746 3272 mammalibus
767 3177 982 3293 advertitur
993 3191 1227 3272 sugentes,
1251 3207 1293 3254 ο

227 3357 231 3368 ,
334 3283 529 3352 standunt.

335 3454 389 3516 Ex
421 3450 509 3514 istis
545 3447 666 3531 igitur
701 3439 939 3532 argumentis
962 3447 1007 3512 id
1042 3449 1290 3522 statuendum

249 3573 467 3625 censemus.
491 3547 595 3616 haud
617 3565 771 3613 omnem
802 3549 958 3635 chylum
986 3553 1128 3617 evasis
1156 3553 1289 3620 lacteis

247 3665 292 3728 in
332 3640 539 3724 cisternam
569 3649 787 3717 lumbarem
817 3651 939 3735 ferri,
967 3671 1101 3718 verum
1134 3647 1288 3721 subtili·

247 3783 355 3830 orem
376 3765 415 3825 et
447 3758 562 3824 facile
594 3752 714 3822 etiam
735 3755 928 3838 potiorem
958 3755 1037 3838 ejus
1065 3761 1216 3838 partem
1238 3759 1287 3856 ab

169 3918 172 3930 .
242 3886 377 3934 eorum
393 3858 657 3933 staminibus
646 3880 688 3922 rn
708 3877 825 3940 venas
846 3860 1116 3934 mesentericas
1135 3845 1287 3944 p'romo·

242 3972 339 4036 veri.
372 3964 471 4052 Quia
503 3971 632 4030 autem
654 3981 776 4026 venae
804 3960 902 4024 istae
925 3961 974 4024 ad
1003 3957 1100 4025 affor
1144 3963 1287 4030 andam

200 4125 205 4133 .
240 4096 382 4164 venam
406 4079 609 4157 portarum
630 4071 862 4132 concurrunt
885 4066 930 4148 (§.
958 4083 1035 4162 299.
1058 4087 1096 4132 n.
1118 4067 1192 4152 m),
1211 4069 1286 4134 hu.

241 4200 327 4244 mor
347 4177 451 4242 idem
473 4185 558 4261 cum
579 4175 780 4252 portarum
800 4167 988 4252 sanguine
1012 4169 1061 4232 ed
1080 4169 1202 4253 hepar
1219 4172 1286 4234 de·

244 4281 420 4356 ducitur,
432 4275 532 4340 unde
548 4271 707 4339 visceris
724 4271 802 4354 ejus
820 4271 862 4336 in
880 4269 1183 4340 adsimilationis
1193 4295 1284 4359 pros
