2898 4992
245 370 308 458 48⁶
415 365 549 436 L1r.1.
567 365 658 430 car.
676 359 753 428 vu.
772 363 832 428 Da
850 373 1114 429 nurarrrora.

245 515 366 593 adeo,
378 518 432 578 ut
448 526 580 574 veram
600 504 680 590 jam
699 525 799 571 nunc
829 506 1071 571 constituant
1100 501 1180 587 ejus
1200 517 1292 586 par-

244 621 339 680 tem.

330 777 431 861 Quia
459 781 590 840 autem
623 792 820 856 processus
856 769 1183 854 reproductivun
1215 788 1292 856 quo

245 881 434 948 materiae
469 875 672 966 organicae
701 873 956 952 vicissitudo,
981 871 1131 936 ablatio
1158 877 1198 936 et
1227 890 1296 954 ap-

230 983 389 1070 lpositio
402 997 420 1059 ,¹
437 979 617 1063 ponitur,
642 979 690 1042 ob
722 975 959 1070 specificam]
976 975 1142 1060 cujusvis
1169 957 1296 1058 partis

138 1083 143 1096 ⁴
247 1083 578 1170 organisationem
600 1085 637 1144 et
657 1080 895 1164 singularem
923 1075 1068 1143 virium
1099 1079 1291 1144 informa·

245 1190 395 1254 tionem
420 1187 498 1270 (§§.
519 1182 651 1266 58.66.)
668 1227 678 1258 ,
698 1180 929 1264 peculiaris,
961 1186 998 1246 et
1030 1182 1165 1266 cuique
1186 1183 1293 1264 parti

222 1291 424 1380 ‘proprius
459 1311 537 1354 esse
570 1288 705 1362 debet,
725 1271 922 1362 nutritio,
951 1291 996 1349 ut
1023 1285 1212 1370 generalis
1234 1307 1295 1351 re-

244 1393 449 1478 productio
480 1391 524 1473 (§.
543 1389 640 1472 82.),
662 1387 881 1474 intensione
904 1407 973 1454 sua
994 1394 1043 1461 ¹et
1075 1387 1190 1454 modo
1214 1387 1291 1454 dif-

244 1501 347 1562 ferre
376 1486 853 1576 debet31ndeigitur'est‚
892 1492 994 1577 quod
1029 1493 1195 1557 materia
1222 1513 1294 1558 no·

243 1602 352 1666 vitus
387 1600 594 1684 apposita,
620 1599 842 1662 mistionem
867 1603 904 1660 at
926 1597 1049 1675 vires,
1069 1599 1176 1680 parti
1203 1619 1295 1662 suae

245 1703 417 1778 similes,
439 1699 608 1786 adeoque
627 1700 787 1762 eandem
808 1699 924 1762 simul
947 1690 1116 1762 formam
1139 1707 1177 1764 et
1196 1701 1294 1784 figu-

246 1825 333 1871 ram
366 1805 542 1888 accipiat.
575 1803 908 1886 Quemadmodum
941 1805 1130 1887 crystalli
1150 1807 1294 1870 salium
1403 1860 1407 1872 .

247 1918 374 1976 certae
398 1909 544 1994 figurae
570 1930 588 1970 e
608 1915 711 1972 certa
741 1909 940 1972 acidorum
959 1917 997 1974 et
1014 1911 1168 1973 basium
1190 1929 1294 1984 com-

245 2014 442 2099 positione
462 2019 693 2087 nascuntur,
715 2020 753 2077 et
772 2020 886 2096 prout
904 2014 1080 2098 germina
1109 2016 1295 2100 organica

247 2124 290 2186 in
320 2139 421 2184 nova
454 2115 661 2180 individua
691 2117 862 2200 ejusdem
888 2121 1029 2202 speciei
1052 2120 1293 2202 explicantur

248 2225 321 2306 (§t.
344 2223 399 2286 60.
419 2220 513 2305 64),
537 2220 595 2281 ita
618 2221 738 2282 etiam
760 2219 832 2299 fit,
855 2227 899 2284 ut
919 2220 1009 2304 pa'rs
1031 2221 1187 2304 quaevis
1209 2243 1293 2306 spa-

248 2325 360 2390 cifica
399 2342 466 2386 sua
496 2321 661 2405 energia
683 2329 722 2386 at
754 2323 968 2407 peculiari,
997 2329 1160 2388 naturae
1199 2345 1293 2392 suae

244 2429 502 2514 respondente
534 2431 746 2495 secretione
772 2434 977 2494 materiam
1007 2432 1214 2499 nutritiam
1241 2433 1295 2497 sic

248 2543 514 2612 transmutet,
544 2556 618 2622 quo
651 2535 725 2598 sibi
765 2535 903 2600 similis
936 2537 1147 2616 reddatur,
1179 2515 1296 2621 idque

248 2640 409 2724 ipsum,
446 2639 546 2726 quod
582 2658 648 2721 per
683 2639 856 2721 eandem¹
884 2643 1221 2725 metamorphosin
1256 2649 1296 2706 et

141 2825 144 2828 ,
248 2765 382 2810 causas
406 2745 524 2819 alies,
545 2741 843 2808 destructionem
862 2744 1092 2810 suscitantes
1112 2743 1298 2830 perdidit,

248 2847 326 2913 sibi
348 2848 542 2910 restituat.

260 3057 262 3062 ,
334 3006 414 3071 Etsi
437 3004 556 3089 igitur
590 3003 717 3068 adseri
748 3008 833 3070 tuto
865 3002 1005 3088 possit,
1037 3003 1297 3072 nutritionem

250 3110 294 3174 in
319 3109 403 3192 ipsa
422 3109 644 3192 contingere
664 3114 793 3190 parte,
827 3125 922 3190 quae
948 3109 1122 3174 nutritur
1156 3111 1219 3194 l²),
1251 3116 1297 3176 ut

151 3255 154 3261 ·
251 3213 347 3278 adeo
370 3232 458 3294 pars
480 3212 606 3276 omnis
631 3229 800 3294 organon
820 3211 872 3274 sit
894 3211 1205 3294 reproductivum
1236 3211 1298 3276 sui

249 3317 395 3400 ipsius3
416 3319 666 3382 adminiculis
686 3324 816 3381 tamen
841 3317 1138 3389 remotioribus,
1160 3335 1295 3380 nervo·

252 3443 339 3487 rum
362 3425 566 3506 praecipua
588 3428 626 3487 et
645 3425 828 3486 vasorum
841 3421 1155 3504 'sanguiferorum
1188 3441 1296 3484 sner-

252 3525 336 3609 gia‚
358 3545 401 3588 ea
427 3527 575 3608 regitur
604 3525 752 3589 functio
784 3524 827 3606 (ς.
855 3525 978 3608 403.);
1012 3518 1113 3587 unde
1138 3531 1295 3606 praeter

252 3632 439 3696 materiae
460 3632 651 3698 nutritiae
670 3650 811 3712 penum
831 3629 1147 3715 biodynamicam
1171 3625 1296 3694 affini·

252 3733 546 3814 entiam,to†ius
570 3733 781 3818 organismi
804 3732 984 3798 animalis
1003 3733 1159 3818 energia
1177 3731 1298 3798 susci·

252 3842 401 3914 tetam,
425 3856 495 3922 pro
518 3854 561 3898 eo
583 3856 740 3899 munere
756 3835 904 3921 requiri
931 3832 1201 3916 intelligimus·
1232 3831 1295 3900 Al-

257 3942 341 3998 tera
363 3942 491 4004 eutem
513 3942 570 4002 est
593 3941 788 4022 quaestio:
810 3956 976 4022 quanam
998 3936 1153 4000 ratione
1176 3940 1297 3999 mate·

250 4039 332 4099 riae
354 4040 542 4106 nutritiae
566 4040 767 4123 contingat
787 4025 1196 4124 appositioisimplici
1209 4041 1297 4106 tan·

250 4149 332 4202 tum
358 4142 636 4221 particularum
656 4163 844 4210 novarum
870 4141 1109 4226 depositione
1139 4147 1177 4210 at
1206 4161 1296 4208 con·

245 4243 504 4328 glutinatione
524 4247 566 4316 id
588 4247 745 4315 absolvi
767 4267 861 4336 opus
881 4249 1127 4318 Bouuuanvn
1147 4247 1297 4314 etHan·
