2898 4992
266 363 331 443 loa
379 361 465 426 Lm.
476 355 507 422 1.
521 349 679 418 comt.
699 353 757 418 Do
772 361 1202 434 ornomrusnromuis.

268 507 376 577 intus
403 496 619 573 densiores,
647 495 690 558 in
713 493 916 578 superficie
943 493 1124 578 utrinque
1153 497 1312 562 lacunas

267 609 513 684 formantes,
544 600 593 665 ad
631 601 802 683 aliquam
833 599 969 662 saltem
998 599 1309 682 profunditatem

264 693 536 794 penetrantes,
554 723 697 779 caecas,
709 707 753 764 ut
768 701 861 768 adeo
882 701 990 766 nullo
1016 703 1069 766 sit
1088 705 1312 768 communio

266 813 311 878 in
332 807 500 878 normali
523 807 661 875 saltem
681 810 806 892 statu,
829 805 930 868 inter
949 802 1183 870 ventriculos
1207 805 1259 887 r).

349 967 500 1050 Accipit
518 965 758 1040 ventriculus
779 961 1015 1048 pulmonalie
1032 964 1262 1047 sanguinem
1287 987 1313 1028 a

267 1074 361 1146 einu-
400 1090 589 1140 venarum
628 1089 809 1133 cavarum
842 1087 910 1151 per
942 1068 1131 1142 ostium
1161 1090 1310 1134 veno-

265 1197 319 1253 ιιι
331 1196 391 1252 m,
411 1173 511 1258 quod
530 1173 651 1244 limbo
674 1173 847 1256 elliptico
858 1218 869 1252 ,
884 1171 992 1244 albo,
1014 1171 1153 1236 calloso
1171 1177 1209 1236 et
1227 1173 1312 1236 fere

267 1269 522 1364 cartilagineo
553 1261 755 1342 formaturss
797 1277 1000 1340 Concurrit
1032 1276 1075 1340 in
1109 1277 1313 1344 ‹eo-limbo

267 1383 498 1450 membrana
530 1381 687 1446 interna
715 1380 822 1442 ainus
849 1397 934 1442 cum
955 1379 1087 1442 tunica
1116 1381 1314 1444 ventricu-

269 1489 354 1552 lum
384 1485 595 1564 vestiente,
614 1480 814 1568 efficitque
842 1481 1087 1566 duplicatura
1115 1483 1210 1565 haee
1241 1506 1313 1549 an·

270 1589 359 1660 nuli
397 1575 621 1652 fluctuantis
662 1588 857 1670 speciem,
885 1587 1046 1652 inferius
1073 1587 1114 1650 in
1147 1588 1315 1654 lacinias

268 1697 372 1768 tres,
403 1692 566 1775 insignis
593 1689 873 1772 magnitudinis
904 1696 941 1760 et
971 1689 1192 1774 inaequales
1223 1709 1315 1774 pro·
1423 1775 1424 1778 Ἴ

270 1794 456 1872 duotam,
483 1800 520 1858 et
540 1794 681 1868 dicitur
700 1795 908 1864 valvula
934 1793 1315 1875 tricuspidalis
1423 1819 1424 1828 ¹

270 1898 325 1984 e),
348 1901 533 1970 Arouatua
554 1901 591 1959 et
609 1897 708 1963 liber
721 1879 1013 1974 {uentriculum
1035 1898 1161 1978 ipsum
1188 1900 1314 1981 respi-
1423 1959 1424 1972 ,

269 2002 376 2070 ciens
408 2019 539 2068 aarum
570 1999 803 2074 laciniarum
833 2019 995 2083 margo,
1026 2021 1095 2082 ope
1121 2001 1315 2066 fibrarum
1423 2013 1424 2056 t

269 2104 706 2196 tendinoaao'um‘dictia
733 2103 913 2176 firmatur
943 2104 1198 2186 papilionibus
1227 2127 1315 2170 mu·
1423 2131 1424 2138 ¹

271 2210 410 2294 arculisa
433 2231 506 2294 quo
534 2209 765 2299 impeditur,
794 2231 842 2281 ne
867 2210 1031 2285 laciniae
1061 2208 1214 2274 eaedem
1240 2211 1315 2280 sub
1375 2273 1377 2280 ,

270 2313 483 2392 ventriouli⁸
502 2312 764 2380 contractione
794 2312 1020 2387 elevandae,
1043 2313 1086 2384 in
1107 2313 1234 2388 sinum
1254 2333 1315 2376 re·
1423 2297 1424 2348 3

269 2417 493 2491 volventem,
540 2414 698 2482 Lacinia
726 2432 764 2478 m
778 2435 830 2485 ax
843 2415 857 2482 i
870 2436 907 2480 m
920 2437 942 2483 a
955 2458 965 2491 ,
996 2413 1201 2484 dimidiam
1232 2416 1316 2482 fere

270 2509 454 2585 valvulae
472 2523 623 2598 partem
642 2513 837 2590 efficiens,
858 2535 1051 2585 summum
1075 2523 1237 2600 occupet
1256 2518 1316 2582 lo·
1412 2531 1414 2540 ⁴

273 2641 360 2688 eum
381 2663 392 2696 ‚
415 2621 619 2702 ipsumque
650 2615 761 2702 tegit*
787 2617 929 2684 ostium
966 2617 1215 2692 ammineum,
1238 2637 1314 2702 quo

273 2721 420 2795 efficit,
444 2741 491 2784 ne
514 2719 666 2804 sanguis
689 2743 709 2782 e
732 2710 971 2794 ventriculo,
1000 2718 1089 2782 dum
1118 2720 1313 2790 relaxatus

182 2850 186 2860 ·
265 2831 358 2897 teet,
388 2822 430 2888 in
459 2822 643 2895 arteriam
676 2821 940 2904 pulmonalem
981 2821 1145 2890 transire
1181 2821 1315 2904 poenit.
1423 2855 1424 2884 ;

270 2925 496 3012 ¹Laciniam
509 2946 527 2987 e
540 2924 560 2987 d
574 2925 587 2987 i
603 2945 625 2988 a
645 2931 750 3006 septo¹
779 2922 903 2988 cordis
939 2923 1164 3005 respondet,
1184 2930 1317 3007 estque

275 3035 488 3097 retrorsum
519 3025 667 3111 posita}
697 3035 736 3092 et
764 3029 930 3093 minor
958 3027 1181 3094 inferiorem
1210 3035 1317 3094 tenet

276 3133 427 3206 locum,
448 3131 598 3210 adjacet
618 3141 729 3198 acuto
750 3131 873 3199 cordis
894 3135 1061 3230 margini
1073 3174 1084 3216 2
1103 3140 1234 3218 eatque
1257 3139 1318 3208 aot

276 3238 418 3320 ionga,
442 3237 642 3320 angustior
663 3237 799 3310 ceteris
818 3236 865 3320 ἲ),

361 3400 565 3466 Promovet
584 3400 816 3465 ventriculus
834 3398 965 3466 dexter
984 3401 1125 3488 systole
1144 3419 1214 3464 aua
1230 3423 1318 3466 eon·¹

280 3505 436 3591 guinem
457 3511 680 3574 contentum
704 3505 745 3576 in
765 3507 947 3572 arteriam
969 3509 1234 3590 pulmonalem
1251 3527 1318 3590 por-

282 3609 471 3676 ostium
501 3611 830 3686 antonionum,
855 3609 955 3696 quod
985 3631 1134 3675 summo
1152 3617 1191 3676 et
1211 3616 1318 3685 antee

281 3714 384 3778 riora
405 3713 483 3793 ejus
503 3715 586 3776 tooo
598 3754 609 3788 ‚
625 3715 692 3776 uhi
713 3717 858 3779 arteria
881 3715 1115 3798 pulmonalis
1135 3711 1318 3785 nascitur,

165 3821 167 3827 '
282 3818 429 3892 existit,
452 3816 619 3902 (tingunt
641 3817 761 3882 fibrae
785 3820 1018 3886 musculares
1034 3811 1253 3884 uentriculi
1278 3813 1319 3886 id

284 3921 428 3987 ostium
459 3921 601 3982 annulo
635 3939 792 3985 carnoso
816 3926 854 3984 et
875 3921 979 3984 linea
1004 3921 1097 3984 'alba
1116 3917 1318 3990 tendinea,

242 4051 246 4062 ·
285 4043 383 4109 quae
414 4024 525 4086 coni
559 4022 806 4086 arteriosi
835 4016 993 4088 nomina
1028 4023 1149 4086 venit.
1183 4021 1320 4084 Fibrae

284 4150 445 4194 carneae
472 4128 680 4192 ventriculi
701 4128 743 4192 in
765 4127 948 4192 arteriam
975 4127 1080 4193 haud
1108 4119 1320 4210 producam

281 4237 372 4312 tur3
392 4231 535 4296 intima
564 4251 653 4336 vero
684 4230 817 4305 tunica
838 4231 880 4300 in
899 4229 1026 4299 limite
1054 4246 1097 4294 eo
1128 4227 1258 4292 albam
1286 4226 1321 4298 er
