2956 4996
267 361 328 427 neo
410 349 499 424 L'ra
520 355 549 419 Ι.
575 352 664 453 ttae.
687 349 752 418 111.
773 351 830 430 Da
848 311 1159 424 arsrrnsrrons.

266 505 458 578 surculos,
480 519 589 564 caeco
620 505 658 562 et
680 496 889 581 rotundato
918 499 995 564 fine
1028 501 1249 568 cellulas
1272 524 1306 576 s,

169 650 174 659 ·
266 603 533 702 vesiculas
565 603 742 666 aiis-eas
765 600 1052 690 constituentes.

350 765 491 828 Eadem
528 765 584 828 est
618 761 877 827 bronchorum
917 768 955 827 et
983 775 1165 828 vasorum
1197 767 1303 830 aie'red

262 865 371 937 orum
391 871 540 935 fabrica
553 874 597 932 ut
616 889 775 950 asperae
791 869 970 947 arteriae,
984 869 1084 954 quod
1105 871 1186 934 cell.
1200 873 1305 936 siim·

265 989 450 1039 Minurus
474 977 512 1036 et
538 971 777 1034 RE1szE1surr
804 990 926 1052 nuper
956 969 1096 1036 clarius
1127 973 1303 1038 ostende-⁸

266 1085 357 1146 runt
375 1079 432 1162 c).
463 1073 606 1142 Annuli
627 1079 757 1136 autem
785 1064 1029 1155 cartilaginei
1060 1073 1192 1140 eadem
1213 1094 1302 1158 pros

264 1180 464 1267 portione,
487 1173 562 1261 qua
584 1172 844 1238 bronchorum
868 1175 1015 1240 surculi*
1030 1177 1302 1258 gracilescunt,

265 1307 287 1348 a
306 1277 433 1366 figura
454 1299 523 1342 sua
545 1281 721 1342 arcuata
720 1275 857 1359 magis
883 1267 1095 1354 recedunt3
1084 1280 1300 1345 ·exhibent

263 1386 439 1469 lamellas
461 1380 723 1470 irregulares,
730 1381 835 1442 intra
862 1377 1046 1472 fibrosam
1076 1373 1305 1449 tubulorum

262 1495 456 1554 texturam
480 1479 666 1567 dispersas
679 1523 690 1557 ,
714 1483 756 1544 in
774 1476 876 1544 vasis
883 1457 1148 1545 tenuioribus
1172 1483 1304 1549 hacta

262 1615 332 1659 nus
365 1591 614 1677 adgregatae,
637 1593 680 1652 ut
706 1585 834 1649 tubuli
864 1573 1073 1668 rigescant,
1096 1583 1306 1672 lumenque·

262 1718 395 1774 suum,
420 1693 621 1778 compressi
648 1690 792 1765 etiam,
818 1685 1000 1764 servent,
1034 1701 1146 1774 quem
1177 1689 1218 1752 in
1252 1685 1302 1754 fi-

261 1823 351 1866 nem
374 1797 579 1864 annulares
601 1796 680 1858 sere
712 1793 813 1855 circa
834 1808 1024 1854 novorum
1055 1793 1300 1860 surculorum¹

261 1908 362 1970 ostia
382 1904 521 1967 adsunt
551 1886 810 1979 cartilaginea
844 1888 893 1957 Ut
914 1895 1015 1958 rami
1022 1879 1301 1962 brooch-orum

163 2069 165 2076 ,
259 2007 383 2090 magis
409 2005 686 2082 extenuantur,
704 1996 871 2060 rariores
893 1995 995 2059 fiunt
1026 1998 1299 2082 cartilagines,

168 2169 173 2185 „
260 2109 453 2176 tenuiores
477 2113 515 2170 et
536 2103 726 2176 minores,
754 2099 869 2172 adeo,
895 2099 999 2161 utin
1028 2097 1301 2164 subtilioribus

174 2198 178 2224 “
258 2202 502 2278 semicircelli
522 2209 676 2293 tantum
691 2196 820 2265 adsint
833 2199 881 2262 ad
900 2201 1202 2264 ramusculorum
1225 2201 1302 2266 ori·

259 2319 390 2404 gines,
410 2312 481 2408 qui
502 2311 543 2372 in
569 2305 727 2385 surculis
758 2307 811 2390 1sc
841 2303 967 2370 lineae
998 2321 1146 2388 quoque
1171 2303 1301 2387 dispa

225 2477 227 2484 ,
258 2425 366 2495 rent,
385 2417 427 2481 in
454 2414 786 2482 membranaceam
816 2401 1000 2505 abeuntes
1029 2403 1316 2490 substantiam.

259 2523 413 2588 Habent
434 2522 563 2581 autem
592 2497 869 2608 cartilagineae
891 2527 956 2571 eae
982 2503 1180 2602 portiones
1211 2531 1300 2576 eum

257 2621 465 2712 praecipue
496 2617 650 2694 finem,
668 2615 731 2677 ut
746 2611 935 2675 bronchos
966 2609 1021 2674 sic
1051 2611 1298 2696 expandant,
1342 2635 1347 2646 ·

260 2745 346 2817 quo
366 2719 496 2785 lumen
526 2733 661 2781 eorum
690 2717 865 2796 apertum
898 2714 1102 2792 servetur,
1131 2707 1270 2800 quod
1255 2735 1298 2780 m
1335 2711 1344 2728 '

256 2827 419 2897 surculis
440 2821 637 2896 minimis,
659 2821 746 2883 ae're
747 2818 987 2900 ceteroquin
1008 2817 1222 2901 protensis,
1232 2835 1297 2884 ne·

260 2918 468 3020 cessarium
491 2923 594 2990 haud
613 2927 671 2987 est
694 2920 753 3004 (l).
812 3013 815 3020 Ι

174 3161 179 3171 x
338 3095 475 3161 Fibrae
500 3105 656 3151 carneae
667 3067 787 3168 ,quae
805 3064 1000 3163 posticamx
1014 3080 1192 3146 tracheae
1209 3065 1312 3166 para*

181 3183 183 3191 ,
259 3212 339 3270 tem
356 3193 561 3268 claudunt,
581 3189 624 3252 in
645 3185 843 3250 bronchiis
876 3202 1022 3270 quoque
1043 3183 1204 3262 adsunt,
1225 3209 1297 3254 nec

259 3303 444 3374 deficiunt
463 3315 546 3359 cum
570 3283 888 3373 cartilaginibus,
911 3288 1004 3370 quin
1023 3295 1210 3371 augentur
1226 3312 1298 3377 po..

258 3411 338 3474 tius
360 3396 626 3484 longitudine,
647 3399 691 3456 ut
709 3390 802 3457 adeo
824 3391 867 3454 in
885 3389 1162 3456 minutioribus
1179 3392 1300 3457 bron⁴

244 3497 607 3581 ,chiorumramiffi
627 3497 670 3559 in
703 3492 799 3558 viris
831 3492 1036 3576 praecipue
1064 3491 1230 3559 robustis
1257 3503 1297 3562 et

220 3612 232 3620 ’
259 3609 542 3683 adultioribus,
557 3598 817 3685 microscopio
836 3599 1003 3664 discerni
1022 3599 1183 3682 possint.
1216 3605 1295 3670 Hoc

255 3721 383 3802 ipsum
405 3712 509 3778 valet
528 3710 573 3774 de
592 3706 700 3772 fibris
725 3702 1075 3790 longitudinelibus
1087 3745 1097 3779 ,
1110 3721 1202 3790 quas
1226 3707 1297 3770 cel.

258 3823 505 3888 Rerszersrn
527 3816 615 3896 post
635 3807 874 3872 anatomicos
894 3805 1021 3888 plures
1043 3805 1085 3870 in
1105 3794 1302 3872 monebo-¹

255 3943 343 3994 rum
361 3917 521 3987 surculis
545 3915 654 3980 oculo
676 3915 826 3990 armato
844 3907 970 3990 vidit,
988 3908 1296 3998 artarier-umque
1325 3909 1328 3918 ’

256 4017 561 4104 fibris(§.153.)
588 4013 733 4078 similes
761 4011 1025 4095 comperite).
1063 4011 1232 4098 Denique
1254 4018 1293 4078 et
1400 4001 1413 4021 ⁴

255 4148 411 4197 muoosa
430 4121 564 4188 tunica
579 4118 621 4182 in'
641 4115 922 4192 subtilissimos,
933 4113 1193 4179 bronchorum
1210 4133 1295 4180 sure

257 4236 360 4300 culos
392 4233 433 4296 et
458 4221 646 4293 vesiculas
676 4220 806 4285 circas
838 4216 1087 4282 continuetur
1104 4255 1117 4296 ,
1137 4235 1295 4284 mucoso
