2912 5000
282 364 347 441 378
408 355 495 422 Lm.
516 353 545 420 Ι.
566 355 656 418 cle.
673 352 801 419 tvm
819 363 979 419 secane·
1005 365 1055 420 ze
1072 369 1238 424 exone.

282 500 376 566 dum
413 499 715 584 phosphoricum
752 499 1041 576 continentem,
1070 508 1109 566 et
1147 501 1322 566 caerulea

257 650 260 656 .
282 604 483 688 pigmenta
508 601 790 686 vegetabilium
812 603 1016 668 infantem.
1049 606 1249 670 Praevalet
1270 607 1321 669 si·

281 707 365 768 mul
384 705 560 768 urinosuo
583 701 694 778 odor,
716 703 782 787 qui
804 704 845 767 in
867 705 1008 787 tigride
1038 707 1325 786 cantharidum,

282 809 399 892 inque
419 809 495 872 fele
513 807 614 870 acidi
638 807 838 870 muriatici
859 808 969 872 odori
997 809 1138 874 similia
1160 817 1227 876 est.
1257 811 1326 874 Le-

152 919 158 934 “
284 913 369 978 onie
390 919 428 977 et
443 911 599 996 tigridis
622 911 736 998 urina
756 913 995 975 ammonium
1019 914 1269 978 muriaticam
1290 919 1329 976 et

281 1008 607 1099 phosphoricum',
637 1021 792 1078 notrum
831 1015 1169 1100 phosphorieum,
1201 1019 1328 1100 copio-

284 1140 370 1186 sum
388 1120 464 1183 cali
479 1096 766 1202 sulphuricum',
788 1117 938 1210 nullum
956 1141 1046 1186 vero
1069 1119 1224 1186 acidum
1247 1122 1329 1185 uri·

283 1244 392 1299 cum,
409 1224 513 1288 nihil
534 1223 580 1287 de
602 1223 701 1286 calce
720 1223 969 1305 phoeporica,
991 1231 1029 1288 et
1048 1226 1226 1311 exiguam
1255 1245 1324 1292 na-

212 1379 224 1398 „
281 1327 336 1390 tri
357 1327 555 1392 muriatici
576 1332 680 1390 tenet
698 1327 852 1408 copiam
869 1327 924 1412 e).
947 1329 1166 1394 Humanum
1186 1336 1319 1394 autem

281 1427 445 1508 lotium,
467 1434 511 1491 ut
532 1447 620 1492 mox
653 1428 821 1502 dicetur,
848 1447 871 1489 a
891 1428 1103 1498 bestiarum
1124 1449 1328 1496 ¹memoro-

283 1535 414 1595 tarum
431 1530 545 1594 urina
561 1530 717 1614 penitus
738 1525 884 1599 differt.

365 1693 474 1776 Apud
491 1677 638 1758 foetum
656 1693 869 1763 humanum
889 1713 1024 1778 parcus
1045 1696 1237 1780 reperitur
1255 1696 1329 1760 h'u·

284 1797 428 1862 morin
446 1797 551 1878 pelvi
571 1815 705 1860 renum
732 1802 770 1859 et
796 1797 945 1872 vesica,
968 1817 1131 1884 aqueus,
1157 1798 1327 1863 viscidu·

284 1900 342 1962 lus
354 1940 365 1974 ‚
384 1897 584 1971 turbidus,
605 1897 710 1961 nullo
731 1899 813 1962 fere
840 1917 975 1982 sapore
1004 1904 1042 1963 et
1074 1901 1212 1980 odore;
1232 1921 1328 1985 pau-

285 2002 401 2076 latim
422 2019 539 2073 vero,
561 2005 604 2063 ut
627 2020 721 2082 puer
750 1999 959 2081 adolescit,
987 1999 1160 2068 flavescit
1190 2008 1329 2086 urina,

283 2102 439 2166 adeedit
460 2101 553 2165 odor
572 2105 610 2164 et
628 2121 742 2184 sapor
762 2121 867 2175 acer,
891 2103 992 2188 quod
1022 2103 1148 2186 ipsum
1169 2107 1209 2170 in
1232 2107 1325 2172 bru-

285 2204 338 2266 tis
362 2204 510 2293 <pioque
529 2209 604 2278 eet,
629 2221 813 2288 quorum,
834 2204 925 2269 dum
948 2210 1080 2268 tenera
1101 2214 1211 2283 aunt,
1237 2209 1329 2272 edu-

202 2331 206 2338 ’
283 2309 338 2372 les
361 2311 449 2370 sunt
466 2325 595 2388 renes,
618 2311 800 2388 provecta
817 2327 907 2371 vero
930 2292 1055 2370 aetate
1076 2308 1233 2385 foetidi,
1258 2311 1325 2374 ad·

286 2427 358 2502 que
381 2410 509 2474 cibum
531 2409 659 2473 minus
680 2408 808 2474 idonei
833 2410 879 2492 f).
901 2411 1097 2474 Peculiare
1118 2413 1236 2476 etlam
1259 2419 1331 2489 est,

286 2515 386 2602 quod
411 2517 525 2578 urina
554 2513 726 2576 humane
751 2499 887 2596 piimis
917 2503 1023 2577 vita'e
1047 2515 1159 2577 annis
1188 2515 1330 2582 adfinis

182 2667 193 2682 κ
252 2603 338 2683 leit
360 2619 654 2683 herbivororum
676 2616 799 2692 lotio,
821 2617 973 2678 nullum
997 2615 1194 2680 contineat
1213 2619 1328 2700 phos-

286 2723 493 2807 phoricum
516 2719 667 2798 acidum
688 2736 756 2782 neo
786 2717 882 2781 sales
909 2709 1210 2800 phosphoricos,
1233 2739 1328 2803 qnae

284 2823 618 2890 informationem
641 2817 782 2884 ossium
800 2821 872 2883 hac
894 2823 1018 2884 aetate
1041 2821 1327 2902 impenduntur.

284 2929 444 3012 Repetit
475 2925 603 2990 alitem
628 2926 798 2988 Sonent!
830 2923 872 2987 in
897 2925 1011 2988 urina
1040 2925 1236 2990 infantum
1263 2927 1326 2990 in·

284 3031 433 3113 signem
455 3025 555 3091 acidi
577 3025 751 3089 benzoici
775 3027 927 3109 coptam
948 3027 1006 3110 g).
1037 3027 1170 3090 Aetate
1199 3027 1321 3092 incre·

285 3137 412 3195 scente
434 3129 535 3192 acidi
557 3127 809 3211 phosphoriei
832 3132 869 3190 et
888 3127 986 3206 urici
1009 3133 1168 3210 augetur
1194 3113 1326 3213 copia,-

286 3238 325 3296 et
345 3233 525 3296 videntur
544 3252 609 3294 eae
631 3229 869 3294 substantiae
890 3231 1012 3314 magia
1025 3231 1154 3318 ,simul
1182 3233 1326 3319 oxyda-

283 3336 331 3400 ri.
355 3336 581 3399 Minuuntur
607 3354 651 3396 ee
671 3331 781 3396 acide
799 3351 866 3415 per
886 3332 1040 3398 sudores
1070 3339 1108 3398 et
1129 3332 1325 3400 diarrhoe-

286 3435 615 3520 am,percib1‘1m
645 3433 925 3522 vegetabilem,
947 3457 1015 3518 per
1047 3438 1189 3500 laesam
1222 3438 1328 3522 dige-

285 3542 481 3614 stionem3
509 3537 679 3602 maxima
715 3537 816 3601 acidi
853 3539 1106 3620 phosphorici
1142 3542 1253 3623 copia
1286 3542 1328 3606 in

284 3630 459 3710 humatio
478 3639 592 3702 urina
619 3641 709 3722 pos't
724 3659 901 3704 somnum
925 3641 1098 3724 quietum
1129 3641 1166 3704 e't
1195 3643 1326 3707 cibum

286 3743 528 3821 animalem,
555 3741 767 3826 vegetabili
803 3742 982 3818 mistum,
1012 3743 1224 3827 reperitur.'
1255 3747 1332 3810 Lo·

285 3851 386 3916 tium
409 3847 479 3914 sub
499 3845 644 3926 maiore
675 3848 843 3930 corporis
864 3853 972 3910 motu
997 3848 1158 3911 missum
1179 3849 1329 3924 minus,

285 3957 374 4044 poet
411 3947 688 4023 commotiones
726 3968 818 4015 vero
855 3950 941 4038 plue
974 3947 1019 4016 de
1047 3949 1159 4015 acido
1192 3949 1328 4018 eodem

287 4057 460 4128 eontinet
478 4053 542 4144 h).
