<?xml version="1.0" encoding="UTF-8"?>
<!DOCTYPE html PUBLIC "-//W3C//DTD XHTML 1.0 Transitional//EN"
    "http://www.w3.org/TR/xhtml1/DTD/xhtml1-transitional.dtd">
<html xmlns="http://www.w3.org/1999/xhtml" xml:lang="en" lang="en">
 <head>
  <title>
</title>
<meta http-equiv="Content-Type" content="text/html;charset=utf-8" />
  <meta name='ocr-system' content='tesseract 3.04.00' />
  <meta name='ocr-capabilities' content='ocr_page ocr_carea ocr_par ocr_line ocrx_word'/>
</head>
<body>
  <div class='ocr_page' id='page_1' title='image "./physiologiamedi03lenhgoog_0021.png"; bbox 0 0 2892 5004; ppageno 0'>
   <div class='ocr_carea' id='block_1_1' title="bbox 265 349 1212 496">
    <p class='ocr_par' dir='ltr' id='par_1_1' title="bbox 265 349 1212 496">
     <span class='ocr_line' id='line_1_1' title="bbox 265 349 1212 496; baseline 0.004 -20"><span class='ocrx_word' id='word_1_1' title='bbox 265 421 288 492; x_wconf 73' lang='grc'>4</span> <span class='ocrx_word' id='word_1_2' title='bbox 350 409 441 480; x_wconf 77' lang='lat' dir='ltr'><strong>Ins.</strong></span> <span class='ocrx_word' id='word_1_3' title='bbox 455 405 483 474; x_wconf 86' lang='lat'><strong>1.</strong></span> <span class='ocrx_word' id='word_1_4' title='bbox 495 409 586 475; x_wconf 74' lang='lat' dir='ltr'><strong>car·-</strong></span> <span class='ocrx_word' id='word_1_5' title='bbox 596 349 694 476; x_wconf 68' lang='lat' dir='ltr'><strong>Ln&#39;s</strong></span> <span class='ocrx_word' id='word_1_6' title='bbox 714 420 920 496; x_wconf 73' lang='lat' dir='ltr'><strong>aarum.</strong></span> <span class='ocrx_word' id='word_1_7' title='bbox 939 417 1212 480; x_wconf 74' lang='lat' dir='ltr'><strong>ansussrmrr.</strong></span> 
     </span>
    </p>
   </div>
   <div class='ocr_carea' id='block_1_2' title="bbox 270 537 1323 862">
    <p class='ocr_par' dir='ltr' id='par_1_2' title="bbox 270 537 1323 862">
     <span class='ocr_line' id='line_1_2' title="bbox 271 537 1322 640; baseline 0.001 -19"><span class='ocrx_word' id='word_1_8' title='bbox 271 561 378 622; x_wconf 86' lang='lat' dir='ltr'><strong>stum</strong></span> <span class='ocrx_word' id='word_1_9' title='bbox 399 555 450 637; x_wconf 72' lang='grc' dir='ltr'><strong>(ς.</strong></span> <span class='ocrx_word' id='word_1_10' title='bbox 471 537 524 637; x_wconf 71' lang='lat'><strong>74⁴.</strong></span> <span class='ocrx_word' id='word_1_11' title='bbox 549 557 577 620; x_wconf 92' lang='lat' dir='ltr'><strong>l.</strong></span> <span class='ocrx_word' id='word_1_12' title='bbox 598 553 681 640; x_wconf 87' lang='lat' dir='ltr'><strong>VI.)</strong></span> <span class='ocrx_word' id='word_1_13' title='bbox 713 553 988 637; x_wconf 86' lang='lat' dir='ltr'><strong>experiuntur,</strong></span> <span class='ocrx_word' id='word_1_14' title='bbox 1008 555 1079 621; x_wconf 92' lang='lat' dir='ltr'><strong>ubi</strong></span> <span class='ocrx_word' id='word_1_15' title='bbox 1100 578 1124 620; x_wconf 86' lang='lat' dir='ltr'><strong>a</strong></span> <span class='ocrx_word' id='word_1_16' title='bbox 1152 557 1241 624; x_wconf 88' lang='lat' dir='ltr'><strong>oibo</strong></span> <span class='ocrx_word' id='word_1_17' title='bbox 1264 557 1322 622; x_wconf 87' lang='lat' dir='ltr'><strong>di-</strong></span> 
     </span>
     <span class='ocr_line' id='line_1_3' title="bbox 270 656 1323 736; baseline 0.002 -12"><span class='ocrx_word' id='word_1_18' title='bbox 270 661 377 726; x_wconf 89' lang='lat' dir='ltr'><strong>utius</strong></span> <span class='ocrx_word' id='word_1_19' title='bbox 408 661 652 736; x_wconf 90' lang='lat' dir='ltr'><strong>abstinetur,</strong></span> <span class='ocrx_word' id='word_1_20' title='bbox 672 656 776 722; x_wconf 86' lang='lat' dir='ltr'><strong>unde</strong></span> <span class='ocrx_word' id='word_1_21' title='bbox 800 660 970 723; x_wconf 88' lang='lat' dir='ltr'><strong>molesta</strong></span> <span class='ocrx_word' id='word_1_22' title='bbox 1003 662 1214 728; x_wconf 82' lang='lat' dir='ltr'><strong>suscitatur</strong></span> <span class='ocrx_word' id='word_1_23' title='bbox 1236 681 1323 726; x_wconf 90' lang='lat' dir='ltr'><strong>sen·</strong></span> 
     </span>
     <span class='ocr_line' id='line_1_4' title="bbox 270 763 1322 862; baseline -0.002 -30"><span class='ocrx_word' id='word_1_24' title='bbox 270 767 385 832; x_wconf 62' lang='lat' dir='ltr'><strong>satio·</strong></span> <span class='ocrx_word' id='word_1_25' title='bbox 417 765 536 830; x_wconf 83' lang='lat' dir='ltr'><strong>Prout</strong></span> <span class='ocrx_word' id='word_1_26' title='bbox 552 783 690 856; x_wconf 80' lang='lat' dir='ltr'><strong>nempe</strong></span> <span class='ocrx_word' id='word_1_27' title='bbox 712 763 880 827; x_wconf 87' lang='lat' dir='ltr'><strong>musculi</strong></span> <span class='ocrx_word' id='word_1_28' title='bbox 908 763 1124 830; x_wconf 84' lang='lat' dir='ltr'><strong>voluntarii</strong></span> <span class='ocrx_word' id='word_1_29' title='bbox 1146 786 1171 828; x_wconf 90' lang='lat' dir='ltr'><strong>a</strong></span> <span class='ocrx_word' id='word_1_30' title='bbox 1192 775 1322 862; x_wconf 74' lang='lat' dir='ltr'><strong>motus</strong></span> 
     </span>
    </p>
   </div>
   <div class='ocr_carea' id='block_1_3' title="bbox 112 864 1323 950">
    <p class='ocr_par' dir='ltr' id='par_1_3' title="bbox 112 864 1323 950">
     <span class='ocr_line' id='line_1_5' title="bbox 112 864 1323 950; baseline -0.002 -14"><span class='ocrx_word' id='word_1_31' title='bbox 112 875 116 892; x_wconf 92' lang='lat'>&#39;</span> <span class='ocrx_word' id='word_1_32' title='bbox 189 901 194 910; x_wconf 93' lang='lat'>·</span> <span class='ocrx_word' id='word_1_33' title='bbox 270 869 423 938; x_wconf 83' lang='lat' dir='ltr'><strong>delectu</strong></span> <span class='ocrx_word' id='word_1_34' title='bbox 443 869 604 933; x_wconf 81' lang='lat' dir='ltr'><strong>moleste</strong></span> <span class='ocrx_word' id='word_1_35' title='bbox 626 866 861 933; x_wconf 86' lang='lat' dir='ltr'><strong>adficiuntur</strong></span> <span class='ocrx_word' id='word_1_36' title='bbox 880 864 933 948; x_wconf 69' lang='lat' dir='ltr'><strong>(t.</strong></span> <span class='ocrx_word' id='word_1_37' title='bbox 958 869 1047 950; x_wconf 86' lang='lat'>189.)</span> <span class='ocrx_word' id='word_1_38' title='bbox 1060 907 1072 943; x_wconf 92' lang='lat'>,</span> <span class='ocrx_word' id='word_1_39' title='bbox 1094 869 1155 932; x_wconf 86' lang='lat' dir='ltr'><strong>ita</strong></span> <span class='ocrx_word' id='word_1_40' title='bbox 1176 875 1216 933; x_wconf 94' lang='lat' dir='ltr'><strong>et</strong></span> <span class='ocrx_word' id='word_1_41' title='bbox 1235 889 1323 934; x_wconf 90' lang='lat' dir='ltr'><strong>mu·</strong></span> 
     </span>
    </p>
   </div>
   <div class='ocr_carea' id='block_1_4' title="bbox 269 971 1324 1168">
    <p class='ocr_par' dir='ltr' id='par_1_4' title="bbox 269 971 1324 1168">
     <span class='ocr_line' id='line_1_6' title="bbox 270 971 1324 1059; baseline -0.001 -19"><span class='ocrx_word' id='word_1_42' title='bbox 270 976 371 1041; x_wconf 89' lang='lat' dir='ltr'><strong>sculi</strong></span> <span class='ocrx_word' id='word_1_43' title='bbox 388 973 563 1059; x_wconf 78' lang='lat' dir='ltr'>organici</span> <span class='ocrx_word' id='word_1_44' title='bbox 576 972 805 1037; x_wconf 82' lang='lat' dir='ltr'><strong>diuturnum</strong></span> <span class='ocrx_word' id='word_1_45' title='bbox 823 971 906 1036; x_wconf 92' lang='lat' dir='ltr'><strong>sine</strong></span> <span class='ocrx_word' id='word_1_46' title='bbox 929 992 1046 1036; x_wconf 88' lang='lat' dir='ltr'><strong>sensu</strong></span> <span class='ocrx_word' id='word_1_47' title='bbox 1064 973 1324 1057; x_wconf 83' lang='lat' dir='ltr'><strong>ingratonon</strong></span> 
     </span>
     <span class='ocr_line' id='line_1_7' title="bbox 269 1073 1324 1168; baseline -0.002 -23"><span class='ocrx_word' id='word_1_48' title='bbox 269 1081 404 1146; x_wconf 70' lang='lat' dir='ltr'><strong>retunt</strong></span> <span class='ocrx_word' id='word_1_49' title='bbox 439 1077 590 1154; x_wconf 89' lang='lat' dir='ltr'><strong>otium,</strong></span> <span class='ocrx_word' id='word_1_50' title='bbox 611 1073 804 1168; x_wconf 81' lang='lat' dir='ltr'>siquidem</span> <span class='ocrx_word' id='word_1_51' title='bbox 837 1075 1003 1140; x_wconf 84' lang='lat' dir='ltr'><strong>molesta</strong></span> <span class='ocrx_word' id='word_1_52' title='bbox 1035 1077 1187 1144; x_wconf 88' lang='lat' dir='ltr'><strong>oriatur</strong></span> <span class='ocrx_word' id='word_1_53' title='bbox 1219 1078 1324 1144; x_wconf 87' lang='lat' dir='ltr'><strong>inter</strong></span> 
     </span>
    </p>
   </div>
   <div class='ocr_carea' id='block_1_5' title="bbox 272 1177 1439 1266">
    <p class='ocr_par' dir='ltr' id='par_1_5' title="bbox 272 1177 1439 1266">
     <span class='ocr_line' id='line_1_8' title="bbox 272 1177 1439 1266; baseline -0.001 -18"><span class='ocrx_word' id='word_1_54' title='bbox 272 1201 432 1248; x_wconf 88' lang='lat' dir='ltr'><strong>nerveas</strong></span> <span class='ocrx_word' id='word_1_55' title='bbox 462 1185 501 1242; x_wconf 90' lang='lat' dir='ltr'><strong>et</strong></span> <span class='ocrx_word' id='word_1_56' title='bbox 529 1177 763 1266; x_wconf 72' lang='lat' dir='ltr'><strong>musculares</strong></span> <span class='ocrx_word' id='word_1_57' title='bbox 794 1177 898 1242; x_wconf 87' lang='lat' dir='ltr'><strong>vires</strong></span> <span class='ocrx_word' id='word_1_58' title='bbox 930 1180 1069 1244; x_wconf 85' lang='lat' dir='ltr'><strong>tensio.</strong></span> <span class='ocrx_word' id='word_1_59' title='bbox 1104 1181 1203 1248; x_wconf 81' lang='lat' dir='ltr'><strong>Vasa</strong></span> <span class='ocrx_word' id='word_1_60' title='bbox 1231 1181 1323 1247; x_wconf 88' lang='lat' dir='ltr'><strong>dein</strong></span> <span class='ocrx_word' id='word_1_61' title='bbox 1438 1235 1439 1252; x_wconf 66' lang='grc'>,</span> 
     </span>
    </p>
   </div>
   <div class='ocr_carea' id='block_1_6' title="bbox 182 1280 1325 1778">
    <p class='ocr_par' dir='ltr' id='par_1_6' title="bbox 182 1280 1325 1778">
     <span class='ocr_line' id='line_1_9' title="bbox 273 1280 1324 1371; baseline 0.001 -22"><span class='ocrx_word' id='word_1_62' title='bbox 273 1283 546 1371; x_wconf 86' lang='lat' dir='ltr'><strong>lymphatica,</strong></span> <span class='ocrx_word' id='word_1_63' title='bbox 571 1281 641 1345; x_wconf 88' lang='lat' dir='ltr'><strong>ubi</strong></span> <span class='ocrx_word' id='word_1_64' title='bbox 667 1280 909 1346; x_wconf 86' lang='lat' dir='ltr'><strong>ventriculus</strong></span> <span class='ocrx_word' id='word_1_65' title='bbox 939 1285 1116 1370; x_wconf 83' lang='lat' dir='ltr'><strong>longiore</strong></span> <span class='ocrx_word' id='word_1_66' title='bbox 1144 1291 1324 1370; x_wconf 84' lang='lat' dir='ltr'><strong>tempore</strong></span> 
     </span>
     <span class='ocr_line' id='line_1_10' title="bbox 182 1383 1324 1470; baseline -0.001 -15"><span class='ocrx_word' id='word_1_67' title='bbox 182 1383 194 1396; x_wconf 68' lang='grc'><strong>“</strong></span> <span class='ocrx_word' id='word_1_68' title='bbox 272 1407 414 1454; x_wconf 83' lang='lat' dir='ltr'><strong>vacuus</strong></span> <span class='ocrx_word' id='word_1_69' title='bbox 437 1391 513 1461; x_wconf 86' lang='lat' dir='ltr'><strong>est,</strong></span> <span class='ocrx_word' id='word_1_70' title='bbox 536 1387 663 1470; x_wconf 89' lang='lat' dir='ltr'><strong>ipsam</strong></span> <span class='ocrx_word' id='word_1_71' title='bbox 684 1385 803 1449; x_wconf 79' lang='lat' dir='ltr'><strong>facile</strong></span> <span class='ocrx_word' id='word_1_72' title='bbox 832 1384 911 1466; x_wconf 83' lang='lat' dir='ltr'><strong>ejus</strong></span> <span class='ocrx_word' id='word_1_73' title='bbox 943 1387 1104 1453; x_wconf 81' lang='lat' dir='ltr'><strong>visceris</strong></span> <span class='ocrx_word' id='word_1_74' title='bbox 1139 1391 1324 1454; x_wconf 87' lang='lat' dir='ltr'><strong>substan·</strong></span> 
     </span>
     <span class='ocr_line' id='line_1_11' title="bbox 270 1489 1325 1575; baseline 0.001 -19"><span class='ocrx_word' id='word_1_75' title='bbox 270 1493 371 1556; x_wconf 87' lang='lat' dir='ltr'><strong>tiam</strong></span> <span class='ocrx_word' id='word_1_76' title='bbox 394 1489 698 1575; x_wconf 75' lang='lat' dir='ltr'>adgrediuntur,</span> <span class='ocrx_word' id='word_1_77' title='bbox 722 1495 761 1552; x_wconf 87' lang='lat' dir='ltr'><strong>et</strong></span> <span class='ocrx_word' id='word_1_78' title='bbox 781 1489 1020 1553; x_wconf 85' lang='lat' dir='ltr'><strong>subtrahunt</strong></span> <span class='ocrx_word' id='word_1_79' title='bbox 1039 1492 1075 1554; x_wconf 95' lang='lat' dir='ltr'><strong>ei</strong></span> <span class='ocrx_word' id='word_1_80' title='bbox 1096 1493 1325 1574; x_wconf 85' lang='lat' dir='ltr'><strong>particulas,</strong></span> 
     </span>
     <span class='ocr_line' id='line_1_12' title="bbox 271 1590 1324 1682; baseline -0.012 -21"><span class='ocrx_word' id='word_1_81' title='bbox 271 1594 464 1682; x_wconf 87' lang='lat' dir='ltr'><strong>siquidem</strong></span> <span class='ocrx_word' id='word_1_82' title='bbox 486 1591 757 1656; x_wconf 85' lang='lat' dir='ltr'><strong>solidescentes</strong></span> <span class='ocrx_word' id='word_1_83' title='bbox 790 1590 932 1664; x_wconf 87' lang='lat' dir='ltr'><strong>etiam,</strong></span> <span class='ocrx_word' id='word_1_84' title='bbox 953 1598 998 1655; x_wconf 91' lang='lat' dir='ltr'><strong>ut</strong></span> <span class='ocrx_word' id='word_1_85' title='bbox 1025 1593 1166 1674; x_wconf 54' lang='lat' dir='ltr'><strong>Dumna</strong></span> <span class='ocrx_word' id='word_1_86' title='bbox 1196 1596 1324 1678; x_wconf 68' lang='lat' dir='ltr'><strong>inpri-</strong></span> 
     </span>
     <span class='ocr_line' id='line_1_13' title="bbox 272 1693 1325 1778; baseline 0.002 -14"><span class='ocrx_word' id='word_1_87' title='bbox 272 1703 347 1765; x_wconf 87' lang='lat' dir='ltr'><strong>mis</strong></span> <span class='ocrx_word' id='word_1_88' title='bbox 378 1701 555 1778; x_wconf 84' lang='lat' dir='ltr'><strong>expertus</strong></span> <span class='ocrx_word' id='word_1_89' title='bbox 584 1701 663 1772; x_wconf 86' lang='lat' dir='ltr'><strong>est,</strong></span> <span class='ocrx_word' id='word_1_90' title='bbox 683 1693 844 1760; x_wconf 86' lang='lat' dir='ltr'><strong>tandem</strong></span> <span class='ocrx_word' id='word_1_91' title='bbox 869 1695 1107 1761; x_wconf 78' lang='lat' dir='ltr'><strong>absorbeant</strong></span> <span class='ocrx_word' id='word_1_92' title='bbox 1136 1699 1325 1766; x_wconf 81' lang='lat' dir='ltr'><strong>materias</strong></span> 
     </span>
    </p>
   </div>
   <div class='ocr_carea' id='block_1_7' title="bbox 275 1800 330 1891">
    <p class='ocr_par' dir='ltr' id='par_1_7' title="bbox 275 1800 330 1891">
     <span class='ocr_line' id='line_1_14' title="bbox 275 1800 330 1891; baseline 0 -45"><span class='ocrx_word' id='word_1_93' title='bbox 275 1800 330 1891; x_wconf 71' lang='lat'><strong>.,‚</strong></span> 
     </span>
    </p>
   </div>
   <div class='ocr_carea' id='block_1_8' title="bbox 271 1953 1402 2680">
    <p class='ocr_par' dir='ltr' id='par_1_8' title="bbox 271 1953 1402 2680">
     <span class='ocr_line' id='line_1_15' title="bbox 285 1953 1324 2056; baseline -0.01 -24"><span class='ocrx_word' id='word_1_94' title='bbox 285 2042 287 2053; x_wconf 37' lang='grc' dir='ltr'>Ι</span> <span class='ocrx_word' id='word_1_95' title='bbox 360 1967 402 2056; x_wconf 83' lang='lat' dir='ltr'><strong>s)</strong></span> <span class='ocrx_word' id='word_1_96' title='bbox 427 1953 587 2032; x_wconf 70' lang='lat' dir='ltr'><strong>Videtur</strong></span> <span class='ocrx_word' id='word_1_97' title='bbox 612 1979 746 2028; x_wconf 85' lang='lat' dir='ltr'><strong>sensus</strong></span> <span class='ocrx_word' id='word_1_98' title='bbox 773 1961 888 2028; x_wconf 85' lang='lat' dir='ltr'><strong>famis</strong></span> <span class='ocrx_word' id='word_1_99' title='bbox 912 1962 1119 2048; x_wconf 81' lang='lat' dir='ltr'><strong>praecipue</strong></span> <span class='ocrx_word' id='word_1_100' title='bbox 1140 1968 1324 2036; x_wconf 63' lang='lat' dir='ltr'><strong>suscitari</strong></span> 
     </span>
     <span class='ocr_line' id='line_1_16' title="bbox 273 2065 1325 2164; baseline -0.002 -26"><span class='ocrx_word' id='word_1_101' title='bbox 273 2093 343 2164; x_wconf 85' lang='lat' dir='ltr'><strong>per</strong></span> <span class='ocrx_word' id='word_1_102' title='bbox 364 2070 692 2155; x_wconf 77' lang='lat' dir='ltr'><strong>phlogisticorum</strong></span> <span class='ocrx_word' id='word_1_103' title='bbox 714 2065 914 2158; x_wconf 25' lang='lat' dir='ltr'><strong>‚delectum</strong></span> <span class='ocrx_word' id='word_1_104' title='bbox 934 2072 972 2131; x_wconf 86' lang='lat' dir='ltr'><strong>et</strong></span> <span class='ocrx_word' id='word_1_105' title='bbox 994 2071 1199 2154; x_wconf 77' lang='lat' dir='ltr'><strong>oxygonii,</strong></span> <span class='ocrx_word' id='word_1_106' title='bbox 1220 2073 1325 2160; x_wconf 85' lang='lat' dir='ltr'><strong>quod</strong></span> 
     </span>
     <span class='ocr_line' id='line_1_17' title="bbox 274 2169 1324 2260; baseline -0.002 -17"><span class='ocrx_word' id='word_1_107' title='bbox 274 2178 319 2244; x_wconf 90' lang='lat' dir='ltr'><strong>in</strong></span> <span class='ocrx_word' id='word_1_108' title='bbox 350 2173 517 2260; x_wconf 87' lang='lat' dir='ltr'><strong>gastrico</strong></span> <span class='ocrx_word' id='word_1_109' title='bbox 555 2171 719 2234; x_wconf 84' lang='lat' dir='ltr'><strong>humore</strong></span> <span class='ocrx_word' id='word_1_110' title='bbox 748 2169 984 2251; x_wconf 85' lang='lat' dir='ltr'><strong>praevalet,</strong></span> <span class='ocrx_word' id='word_1_111' title='bbox 1014 2171 1324 2254; x_wconf 86' lang='lat' dir='ltr'><strong>abundantiam,</strong></span> 
     </span>
     <span class='ocr_line' id='line_1_18' title="bbox 273 2272 1324 2360; baseline -0.002 -15"><span class='ocrx_word' id='word_1_112' title='bbox 273 2279 375 2346; x_wconf 89' lang='lat' dir='ltr'><strong>unde</strong></span> <span class='ocrx_word' id='word_1_113' title='bbox 401 2279 511 2353; x_wconf 64' lang='lat' dir='ltr'><strong>vires,</strong></span> <span class='ocrx_word' id='word_1_114' title='bbox 536 2275 820 2354; x_wconf 87' lang='lat' dir='ltr'><strong>contractivae,</strong></span> <span class='ocrx_word' id='word_1_115' title='bbox 849 2272 890 2338; x_wconf 93' lang='lat' dir='ltr'><strong>in</strong></span> <span class='ocrx_word' id='word_1_116' title='bbox 916 2275 1136 2340; x_wconf 80' lang='lat' dir='ltr'><strong>ventriculo</strong></span> <span class='ocrx_word' id='word_1_117' title='bbox 1159 2278 1324 2360; x_wconf 85' lang='lat' dir='ltr'><strong>praedo-</strong></span> 
     </span>
     <span class='ocr_line' id='line_1_19' title="bbox 272 2364 1402 2464; baseline -0.007 -12"><span class='ocrx_word' id='word_1_118' title='bbox 272 2387 490 2459; x_wconf 84' lang='lat' dir='ltr'><strong>minantes,</strong></span> <span class='ocrx_word' id='word_1_119' title='bbox 511 2394 736 2464; x_wconf 85' lang='lat' dir='ltr'><strong>corporeum</strong></span> <span class='ocrx_word' id='word_1_120' title='bbox 763 2381 933 2442; x_wconf 86' lang='lat' dir='ltr'><strong>excitant</strong></span> <span class='ocrx_word' id='word_1_121' title='bbox 954 2399 1121 2450; x_wconf 86' lang='lat' dir='ltr'><strong>sensum.</strong></span> <span class='ocrx_word' id='word_1_122' title='bbox 1153 2379 1248 2446; x_wconf 86' lang='lat' dir='ltr'><strong>Vero</strong></span> <span class='ocrx_word' id='word_1_123' title='bbox 1268 2383 1324 2446; x_wconf 86' lang='lat' dir='ltr'><strong>si·</strong></span> <span class='ocrx_word' id='word_1_124' title='bbox 1398 2364 1402 2374; x_wconf 62' lang='grc'><em>’</em></span> 
     </span>
     <span class='ocr_line' id='line_1_20' title="bbox 274 2483 1325 2567; baseline -0.003 -13"><span class='ocrx_word' id='word_1_125' title='bbox 274 2491 408 2556; x_wconf 89' lang='lat' dir='ltr'><strong>milem</strong></span> <span class='ocrx_word' id='word_1_126' title='bbox 444 2487 546 2552; x_wconf 88' lang='lat' dir='ltr'><strong>hano</strong></span> <span class='ocrx_word' id='word_1_127' title='bbox 570 2505 657 2548; x_wconf 82' lang='lat' dir='ltr'><strong>esse</strong></span> <span class='ocrx_word' id='word_1_128' title='bbox 690 2483 917 2567; x_wconf 90' lang='lat' dir='ltr'><strong>opinionem</strong></span> <span class='ocrx_word' id='word_1_129' title='bbox 929 2489 1008 2563; x_wconf 79' lang='lat' dir='ltr'><strong>‚ut</strong></span> <span class='ocrx_word' id='word_1_130' title='bbox 1038 2483 1104 2548; x_wconf 89' lang='lat' dir='ltr'><strong>cel.</strong></span> <span class='ocrx_word' id='word_1_131' title='bbox 1138 2485 1325 2551; x_wconf 77' lang='lat' dir='ltr'><strong>Buunson</strong></span> 
     </span>
     <span class='ocr_line' id='line_1_21' title="bbox 271 2587 1218 2680; baseline -0.011 -16"><span class='ocrx_word' id='word_1_132' title='bbox 271 2595 385 2664; x_wconf 78' lang='lat' dir='ltr'><strong>,docet</strong></span> <span class='ocrx_word' id='word_1_133' title='bbox 405 2595 467 2680; x_wconf 60' lang='grc' dir='ltr'><strong>’Ἴ</strong></span> <span class='ocrx_word' id='word_1_134' title='bbox 479 2633 491 2668; x_wconf 87' lang='grc'><strong><em>,</em></strong></span> <span class='ocrx_word' id='word_1_135' title='bbox 511 2593 741 2674; x_wconf 79' lang='lat' dir='ltr'><strong>argumenta</strong></span> <span class='ocrx_word' id='word_1_136' title='bbox 759 2587 968 2653; x_wconf 85' lang='lat' dir='ltr'><strong>ostendunt</strong></span> <span class='ocrx_word' id='word_1_137' title='bbox 994 2591 1218 2676; x_wconf 79' lang='lat' dir='ltr'><strong>sequentia:</strong></span> 
     </span>
    </p>
   </div>
   <div class='ocr_carea' id='block_1_9' title="bbox 279 2749 1327 3462">
    <p class='ocr_par' dir='ltr' id='par_1_9' title="bbox 279 2749 1327 3462">
     <span class='ocr_line' id='line_1_22' title="bbox 313 2749 1325 2844; baseline 0 -21"><span class='ocrx_word' id='word_1_138' title='bbox 313 2799 329 2838; x_wconf 48' lang='grc' dir='ltr'><strong>ι,</strong></span> <span class='ocrx_word' id='word_1_139' title='bbox 401 2760 447 2844; x_wconf 91' lang='lat' dir='ltr'><strong>a)</strong></span> <span class='ocrx_word' id='word_1_140' title='bbox 470 2751 699 2820; x_wconf 82' lang='lat' dir='ltr'><strong>Praevalent</strong></span> <span class='ocrx_word' id='word_1_141' title='bbox 729 2749 1035 2816; x_wconf 86' lang='lat' dir='ltr'><strong>inflammabilia</strong></span> <span class='ocrx_word' id='word_1_142' title='bbox 1064 2753 1106 2818; x_wconf 92' lang='lat' dir='ltr'><strong>in</strong></span> <span class='ocrx_word' id='word_1_143' title='bbox 1138 2755 1325 2823; x_wconf 88' lang='lat' dir='ltr'><strong>musculis</strong></span> 
     </span>
     <span class='ocr_line' id='line_1_23' title="bbox 279 2855 1325 2950; baseline 0.001 -25"><span class='ocrx_word' id='word_1_144' title='bbox 279 2871 284 2884; x_wconf 85' lang='lat'>&#39;</span> <span class='ocrx_word' id='word_1_145' title='bbox 358 2859 428 2946; x_wconf 87' lang='lat'>(§§.</span> <span class='ocrx_word' id='word_1_146' title='bbox 447 2876 498 2940; x_wconf 78' lang='lat'><strong>93.</strong></span> <span class='ocrx_word' id='word_1_147' title='bbox 521 2876 591 2922; x_wconf 87' lang='lat'>101.</span> <span class='ocrx_word' id='word_1_148' title='bbox 614 2856 722 2944; x_wconf 58' lang='lat'><strong>189),</strong></span> <span class='ocrx_word' id='word_1_149' title='bbox 744 2855 874 2950; x_wconf 40' lang='lat' dir='ltr'><strong>unde„</strong></span> <span class='ocrx_word' id='word_1_150' title='bbox 888 2877 973 2919; x_wconf 90' lang='lat' dir='ltr'><strong>cum</strong></span> <span class='ocrx_word' id='word_1_151' title='bbox 997 2857 1237 2925; x_wconf 86' lang='lat' dir='ltr'><strong>substantiae</strong></span> <span class='ocrx_word' id='word_1_152' title='bbox 1255 2881 1325 2943; x_wconf 89' lang='lat' dir='ltr'><strong>op·</strong></span> 
     </span>
     <span class='ocr_line' id='line_1_24' title="bbox 355 2959 1323 3049; baseline -0.003 -19"><span class='ocrx_word' id='word_1_153' title='bbox 355 2965 573 3049; x_wconf 81' lang='lat' dir='ltr'><strong>positarum</strong></span> <span class='ocrx_word' id='word_1_154' title='bbox 593 2961 728 3024; x_wconf 87' lang='lat' dir='ltr'><strong>saltim</strong></span> <span class='ocrx_word' id='word_1_155' title='bbox 759 2959 994 3044; x_wconf 82' lang='lat' dir='ltr'><strong>qualitatum</strong></span> <span class='ocrx_word' id='word_1_156' title='bbox 1022 2959 1188 3027; x_wconf 83' lang='lat' dir='ltr'><strong>incitare</strong></span> <span class='ocrx_word' id='word_1_157' title='bbox 1209 2983 1323 3048; x_wconf 85' lang='lat' dir='ltr'><strong>orga-</strong></span> 
     </span>
     <span class='ocr_line' id='line_1_25' title="bbox 358 3061 1324 3148; baseline -0.001 -17"><span class='ocrx_word' id='word_1_158' title='bbox 358 3088 411 3132; x_wconf 87' lang='lat' dir='ltr'><strong>na</strong></span> <span class='ocrx_word' id='word_1_159' title='bbox 430 3065 590 3128; x_wconf 87' lang='lat' dir='ltr'><strong>valeant</strong></span> <span class='ocrx_word' id='word_1_160' title='bbox 617 3061 786 3148; x_wconf 82' lang='lat'>(§.70.)‚</span> <span class='ocrx_word' id='word_1_161' title='bbox 818 3062 1018 3145; x_wconf 85' lang='lat' dir='ltr'><strong>omnisque</strong></span> <span class='ocrx_word' id='word_1_162' title='bbox 1050 3065 1152 3130; x_wconf 86' lang='lat' dir='ltr'><strong>aetio</strong></span> <span class='ocrx_word' id='word_1_163' title='bbox 1184 3065 1324 3130; x_wconf 85' lang='lat' dir='ltr'><strong>vitalis</strong></span> 
     </span>
     <span class='ocr_line' id='line_1_26' title="bbox 358 3161 1325 3256; baseline -0.012 -25"><span class='ocrx_word' id='word_1_164' title='bbox 358 3185 470 3256; x_wconf 86' lang='lat' dir='ltr'><strong>suum</strong></span> <span class='ocrx_word' id='word_1_165' title='bbox 490 3165 663 3249; x_wconf 86' lang='lat' dir='ltr'><strong>requirat</strong></span> <span class='ocrx_word' id='word_1_166' title='bbox 685 3163 988 3232; x_wconf 86' lang='lat' dir='ltr'><strong>incitamentum</strong></span> <span class='ocrx_word' id='word_1_167' title='bbox 1015 3161 1066 3247; x_wconf 74' lang='grc' dir='ltr'><strong>(ς.</strong></span> <span class='ocrx_word' id='word_1_168' title='bbox 1087 3169 1325 3255; x_wconf 43' lang='lat' dir='ltr'><strong>72³),ph10.</strong></span> 
     </span>
     <span class='ocr_line' id='line_1_27' title="bbox 360 3267 1327 3356; baseline 0.004 -24"><span class='ocrx_word' id='word_1_169' title='bbox 360 3269 590 3356; x_wconf 80' lang='lat' dir='ltr'><strong>gisticorum</strong></span> <span class='ocrx_word' id='word_1_170' title='bbox 639 3267 809 3333; x_wconf 79' lang='lat' dir='ltr'><strong>desectus</strong></span> <span class='ocrx_word' id='word_1_171' title='bbox 856 3269 1117 3336; x_wconf 86' lang='lat' dir='ltr'><strong>ventriculum</strong></span> <span class='ocrx_word' id='word_1_172' title='bbox 1160 3270 1327 3337; x_wconf 82' lang='lat' dir='ltr'><strong>adficere</strong></span> 
     </span>
     <span class='ocr_line' id='line_1_28' title="bbox 360 3370 742 3462; baseline -0.01 -21"><span class='ocrx_word' id='word_1_173' title='bbox 360 3371 591 3462; x_wconf 75' lang='lat' dir='ltr'><strong>praeprimis</strong></span> <span class='ocrx_word' id='word_1_174' title='bbox 613 3370 742 3437; x_wconf 87' lang='lat' dir='ltr'><strong>debet.</strong></span> 
     </span>
    </p>
   </div>
   <div class='ocr_carea' id='block_1_10' title="bbox 289 3529 1327 4136">
    <p class='ocr_par' dir='ltr' id='par_1_10' title="bbox 401 3529 1325 3622">
     <span class='ocr_line' id='line_1_29' title="bbox 401 3529 1325 3622; baseline 0.002 -22"><span class='ocrx_word' id='word_1_175' title='bbox 401 3533 451 3622; x_wconf 90' lang='lat' dir='ltr'><strong>b)</strong></span> <span class='ocrx_word' id='word_1_176' title='bbox 476 3535 647 3616; x_wconf 82' lang='lat' dir='ltr'><strong>Augetur</strong></span> <span class='ocrx_word' id='word_1_177' title='bbox 669 3533 792 3596; x_wconf 83' lang='lat' dir='ltr'><strong>fames</strong></span> <span class='ocrx_word' id='word_1_178' title='bbox 813 3551 836 3596; x_wconf 86' lang='lat' dir='ltr'><strong>a</strong></span> <span class='ocrx_word' id='word_1_179' title='bbox 856 3529 1121 3596; x_wconf 82' lang='lat' dir='ltr'><strong>musculorum</strong></span> <span class='ocrx_word' id='word_1_180' title='bbox 1145 3533 1325 3602; x_wconf 87' lang='lat' dir='ltr'><strong>uberiore</strong></span> 
     </span>
    </p>

    <p class='ocr_par' dir='ltr' id='par_1_11' title="bbox 356 3633 1325 3720">
     <span class='ocr_line' id='line_1_30' title="bbox 356 3633 1325 3720; baseline 0.001 -18"><span class='ocrx_word' id='word_1_181' title='bbox 356 3643 491 3710; x_wconf 82' lang='lat' dir='ltr'><strong>motu,</strong></span> <span class='ocrx_word' id='word_1_182' title='bbox 509 3633 571 3697; x_wconf 89' lang='lat' dir='ltr'><strong>vel</strong></span> <span class='ocrx_word' id='word_1_183' title='bbox 601 3635 771 3698; x_wconf 86' lang='lat' dir='ltr'><strong>maxime</strong></span> <span class='ocrx_word' id='word_1_184' title='bbox 800 3635 844 3698; x_wconf 88' lang='lat' dir='ltr'><strong>in</strong></span> <span class='ocrx_word' id='word_1_185' title='bbox 871 3635 958 3698; x_wconf 66' lang='lat' dir='ltr'><strong>aire</strong></span> <span class='ocrx_word' id='word_1_186' title='bbox 980 3633 1105 3696; x_wconf 83' lang='lat' dir='ltr'><strong>libero</strong></span> <span class='ocrx_word' id='word_1_187' title='bbox 1138 3641 1176 3699; x_wconf 86' lang='lat' dir='ltr'><strong>ei·</strong></span> <span class='ocrx_word' id='word_1_188' title='bbox 1204 3655 1325 3720; x_wconf 84' lang='lat' dir='ltr'><strong>puro,</strong></span> 
     </span>
    </p>

    <p class='ocr_par' dir='ltr' id='par_1_12' title="bbox 289 3737 1327 3834">
     <span class='ocr_line' id='line_1_31' title="bbox 289 3737 1327 3834; baseline 0.001 -30"><span class='ocrx_word' id='word_1_189' title='bbox 289 3795 294 3804; x_wconf 93' lang='lat'>.</span> <span class='ocrx_word' id='word_1_190' title='bbox 360 3760 436 3829; x_wconf 84' lang='lat' dir='ltr'><strong>quo</strong></span> <span class='ocrx_word' id='word_1_191' title='bbox 457 3737 706 3834; x_wconf 69' lang='lat' dir='ltr'><strong>oxydationis</strong></span> <span class='ocrx_word' id='word_1_192' title='bbox 737 3741 989 3820; x_wconf 86' lang='lat' dir='ltr'><strong>promovetur</strong></span> <span class='ocrx_word' id='word_1_193' title='bbox 1012 3756 1229 3820; x_wconf 83' lang='lat' dir='ltr'><strong>processus,</strong></span> <span class='ocrx_word' id='word_1_194' title='bbox 1247 3747 1327 3806; x_wconf 84' lang='lat' dir='ltr'><strong>est-</strong></span> 
     </span>
    </p>

    <p class='ocr_par' dir='ltr' id='par_1_13' title="bbox 357 3841 1324 3934">
     <span class='ocr_line' id='line_1_32' title="bbox 357 3841 1324 3934; baseline -0.001 -23"><span class='ocrx_word' id='word_1_195' title='bbox 357 3867 432 3934; x_wconf 87' lang='lat' dir='ltr'><strong>que</strong></span> <span class='ocrx_word' id='word_1_196' title='bbox 451 3848 563 3910; x_wconf 84' lang='lat' dir='ltr'><strong>tanto</strong></span> <span class='ocrx_word' id='word_1_197' title='bbox 583 3841 709 3920; x_wconf 80' lang='lat' dir='ltr'><strong>maior</strong></span> <span class='ocrx_word' id='word_1_198' title='bbox 726 3842 769 3904; x_wconf 91' lang='lat' dir='ltr'><strong>in</strong></span> <span class='ocrx_word' id='word_1_199' title='bbox 788 3841 1027 3906; x_wconf 84' lang='lat' dir='ltr'><strong>animalibus</strong></span> <span class='ocrx_word' id='word_1_200' title='bbox 1052 3843 1233 3908; x_wconf 86' lang='lat' dir='ltr'><strong>alimenti</strong></span> <span class='ocrx_word' id='word_1_201' title='bbox 1255 3868 1324 3911; x_wconf 83' lang='lat' dir='ltr'><strong>ne·</strong></span> 
     </span>
    </p>

    <p class='ocr_par' dir='ltr' id='par_1_14' title="bbox 357 3942 1324 4136">
     <span class='ocr_line' id='line_1_33' title="bbox 357 3942 1324 4039; baseline -0.001 -24"><span class='ocrx_word' id='word_1_202' title='bbox 357 3949 537 4022; x_wconf 80' lang='lat' dir='ltr'><strong>cessitas,</strong></span> <span class='ocrx_word' id='word_1_203' title='bbox 559 3966 632 4032; x_wconf 90' lang='lat' dir='ltr'><strong>quo</strong></span> <span class='ocrx_word' id='word_1_204' title='bbox 654 3945 846 4012; x_wconf 78' lang='lat' dir='ltr'><strong>intensior</strong></span> <span class='ocrx_word' id='word_1_205' title='bbox 867 3946 910 4010; x_wconf 92' lang='lat' dir='ltr'><strong>in</strong></span> <span class='ocrx_word' id='word_1_206' title='bbox 940 3942 990 4039; x_wconf 63' lang='lat' dir='ltr'><strong>iis</strong></span> <span class='ocrx_word' id='word_1_207' title='bbox 1009 3946 1117 4031; x_wconf 80' lang='lat' dir='ltr'><strong>viget</strong></span> <span class='ocrx_word' id='word_1_208' title='bbox 1148 3945 1324 4014; x_wconf 58' lang='lat' dir='ltr'><strong>irritabi*</strong></span> 
     </span>
     <span class='ocr_line' id='line_1_34' title="bbox 359 4050 663 4136; baseline -0.039 -15"><span class='ocrx_word' id='word_1_209' title='bbox 359 4053 487 4121; x_wconf 87' lang='lat' dir='ltr'><strong>litatis</strong></span> <span class='ocrx_word' id='word_1_210' title='bbox 508 4050 663 4136; x_wconf 78' lang='lat' dir='ltr'><strong>gradus.</strong></span> 
     </span>
    </p>
   </div>
   <div class='ocr_carea' id='block_1_11' title="bbox 337 4209 1327 4402">
    <p class='ocr_par' dir='ltr' id='par_1_15' title="bbox 337 4209 1327 4402">
     <span class='ocr_line' id='line_1_35' title="bbox 397 4209 1325 4306; baseline -0.003 -22"><span class='ocrx_word' id='word_1_211' title='bbox 397 4221 438 4306; x_wconf 88' lang='lat' dir='ltr'><strong>c)</strong></span> <span class='ocrx_word' id='word_1_212' title='bbox 451 4214 649 4282; x_wconf 81' lang='lat' dir='ltr'><strong>Alimenta</strong></span> <span class='ocrx_word' id='word_1_213' title='bbox 669 4227 738 4290; x_wconf 87' lang='lat' dir='ltr'><strong>ea,</strong></span> <span class='ocrx_word' id='word_1_214' title='bbox 760 4223 856 4292; x_wconf 83' lang='lat' dir='ltr'><strong>quae</strong></span> <span class='ocrx_word' id='word_1_215' title='bbox 878 4209 1232 4280; x_wconf 83' lang='lat' dir='ltr'><strong>inflammabilibus</strong></span> <span class='ocrx_word' id='word_1_216' title='bbox 1255 4215 1325 4281; x_wconf 60' lang='lat' dir='ltr'><strong>ab*</strong></span> 
     </span>
     <span class='ocr_line' id='line_1_36' title="bbox 337 4313 1327 4402; baseline -0.004 -10"><span class='ocrx_word' id='word_1_217' title='bbox 337 4323 492 4396; x_wconf 81' lang='lat' dir='ltr'><strong>undant</strong></span> <span class='ocrx_word' id='word_1_218' title='bbox 503 4355 516 4398; x_wconf 84' lang='lat'>‚</span> <span class='ocrx_word' id='word_1_219' title='bbox 537 4317 693 4394; x_wconf 78' lang='lat' dir='ltr'><strong>carnes,</strong></span> <span class='ocrx_word' id='word_1_220' title='bbox 728 4313 894 4402; x_wconf 75' lang='lat' dir='ltr'><strong>pingues</strong></span> <span class='ocrx_word' id='word_1_221' title='bbox 922 4317 1158 4402; x_wconf 84' lang='lat' dir='ltr'><strong>praecipue,</strong></span> <span class='ocrx_word' id='word_1_222' title='bbox 1179 4321 1327 4389; x_wconf 78' lang='lat' dir='ltr'><strong>famem</strong></span> 
     </span>
    </p>
   </div>
   <div class='ocr_carea' id='block_1_12' title="bbox 0 0 1455 5004">
    <p class='ocr_par' dir='ltr' id='par_1_16' title="bbox 0 0 1455 5004">
     <span class='ocr_line' id='line_1_37' title="bbox 0 0 1455 5004; baseline 0 0"><span class='ocrx_word' id='word_1_223' title='bbox 0 0 1455 5004; x_wconf 95' lang='lat' dir='ltr'><strong> </strong></span> 
     </span>
    </p>
   </div>
  </div>
 </body>
</html>
