2922 4996
271 447 333 512 13²
376 425 465 494 Lus.
487 417 954 487 1.0sr.11.1)ssnusur.
971 432 1234 492 oronsrrous.

269 563 519 654 pulmonibus
551 561 682 658 aliqua
715 561 865 645 patitur
891 561 1194 644 impedimenta;
1219 563 1311 630 inde

271 675 390 738 etiam
410 687 509 742 esse,
530 664 630 749 quod
651 665 773 748 hepar
794 664 1016 749 embryonis
1043 669 1082 730 et
1105 667 1312 734 hominum

268 774 421 862 phthisi
458 768 678 854 pulmonali
714 767 1002 846 laborantium,
1031 771 1155 837 multo
1185 773 1311 860 majus

267 875 484 960 reperiatur
506 869 565 958 d).

353 1012 541 1084 Graviora
578 1017 707 1076 autem
743 1010 833 1076 sunt
871 1019 1135 1098 argumenta,
1172 1016 1311 1102 quibus

211 1177 213 1180 .
270 1115 505 1194 ostenditur,
527 1114 757 1198 sanguinem
776 1135 895 1178 venae
917 1122 1119 1198 portarum
1144 1117 1211 1201 (in
1233 1141 1312 1185 em·

268 1221 415 1304 bryone
434 1235 554 1281 venae
568 1215 834 1304 umbilicalis)
854 1217 1105 1302 praecipuum
1130 1241 1208 1284 esse
1223 1221 1312 1286 fon·

267 1331 368 1398 tem,
389 1343 433 1386 ex
456 1339 528 1406 quo
547 1319 639 1383 bilis
659 1326 835 1410 paretur,
857 1322 1090 1388 arteriosum
1110 1345 1211 1390 vero.
1225 1345 1312 1389 cru·

269 1445 375 1490 orem
402 1421 610 1490 nutriendo
650 1423 785 1506 hepati
818 1425 1033 1508 inservire,
1063 1427 1211 1512 hacque
1247 1451 1312 1494 ra-

207 1533 210 1541 ’
267 1529 375 1592 tione
395 1533 434 1592 et
456 1528 593 1601 modo,
610 1525 727 1607 paulo
745 1531 833 1609 post
852 1526 1010 1592 dicendo
1022 1573 1033 1607 ‚
1063 1529 1112 1594 ad
1132 1531 1312 1599 secretio·

267 1649 356 1696 nem
377 1631 458 1715 ejus
481 1629 657 1693 humoris
677 1629 861 1694 conferre.
882 1631 1056 1696 Etenim:

304 1825 307 1838 ·
395 1792 434 1875 ι)
454 1789 614 1873 Sanguis
633 1808 752 1852 venae
778 1757 1091 1878 portarumiqui
1106 1779 1132 1859 'e
1153 1796 1312 1863 visceri·

348 1898 421 1962 bus
450 1893 765 1959 abdominalibus
801 1896 1027 1974 revehitur,
1056 1918 1153 1984 aque
1181 1906 1312 1967 tanta-

301 2050 304 2058 .
351 2015 437 2062 rum
457 1996 630 2080 partium
657 1994 874 2059 nutritione
901 2002 940 2060 et
959 1999 1191 2080 humorum,
1216 2024 1309 2090 oxy-

351 2099 466 2183 gonio
491 2095 756 2186 praeditorum
787 2098 997 2162 secretione
1027 2098 1110 2181 (uti
1131 2110 1223 2168 sunt
1242 2123 1310 2190 ga·

266 2235 270 2284 2
350 2198 520 2278 stritus,
551 2198 738 2263 entericus
777 2205 817 2263 et
843 2202 1108 2282 pancreaticus
1145 2205 1309 2284 humor,

262 2351 266 2384 ς
352 2324 484 2372 mucus
525 2309 563 2368 et
598 2322 747 2368 serosae
786 2305 1073 2398 exhalationes)
1113 2321 1310 2397 superest,

349 2405 697 2478 inflammabilihus
720 2405 859 2488 ditior,
879 2409 1049 2497 adeoque
1069 2416 1311 2497 generandae

272 2585 275 2594 ¹
347 2515 425 2582 hili
436 2508 692 2594 ‚phlogistico
714 2508 929 2576 abundanti
951 2509 973 2602 (
982 2522 1012 2591 §-
1035 2533 1110 2596 293.
1124 2520 1162 2601 )‚
1186 2521 1314 2604 magis

348 2621 509 2686 idoneus
532 2638 610 2696 esse
627 2617 752 2682 debet.
785 2620 1018 2703 Sanguinem
1039 2629 1168 2698 autem
1188 2645 1310 2690 venae

348 2728 551 2808 portarum
573 2720 924 2808 inflammabilibus
954 2723 1136 2790 ditiorem
1158 2749 1235 2792 esse
1257 2727 1312 2810 (ς.

350 2829 447 2914 286.)
463 2873 474 2910 ,
496 2827 782 2892 observationes
814 2827 953 2894 docent
983 2833 1175 2899 clarorum
1203 2835 1311 2899 viro-

351 2955 461 3011 rum,
479 2933 570 2996 licet
587 2931 627 2995 id
647 2933 910 3016 experimento
929 2935 1102 3004 chemico
1131 2931 1309 3006 ostende·

351 3062 393 3106 re
412 3033 519 3104 haud
539 3053 688 3118 semper
707 3035 827 3118 possis
853 3037 909 3124 e).

267 3219 275 3289 ζ
394 3207 437 3291 a)
459 3200 751 3286 Malpighio
774 3207 872 3268 teste
892 3203 985 3268 bilis
1003 3205 1165 3270 secretio
1187 3207 1317 3277 inter·-

352 3313 470 3392 rupta
496 3325 576 3370 non
604 3309 708 3380 erat,
732 3325 818 3369 cum
847 3307 992 3370 arteria
1018 3307 1203 3391 hepatica
1223 3313 1312 3378 viu·

304 3403 306 3406 ⁵
355 3415 440 3478 culo
461 3411 677 3494 intercepta
696 3409 835 3473 fuisset
858 3409 912 3492 f).
945 3412 1104 3476 Constat
1133 3435 1224 3482 vero
1247 3441 1312 3485 ex·

354 3513 572 3602 parientia,
596 3513 688 3576 bilis
715 3511 970 3593 secretionem
999 3514 1196 3600 cohiberi,
1224 3541 1314 3588 cum

355 3639 475 3687 venae
493 3621 692 3702 portarum
714 3613 896 3680 circuitus
916 3618 1138 3698 cohibetur,
1158 3623 1221 3690 vel
1241 3625 1314 3692 ubi

356 3745 423 3791 vas
441 3722 541 3787 illud
560 3718 779 3804 subligatur
800 3719 861 3804 g).
881 3773 883 3781 .

397 3892 440 3976 3)
465 3881 688 3960 Peculiaris'¹
705 3901 827 3946 venae
851 3887 1048 3966 portarum
1085 3885 1313 3957 distributio

356 3996 398 4060 in
425 3991 576 4076 hepatis
602 3987 821 4052 substantia
844 3992 882 4052 et
909 3989 1051 4054 surculi
1075 3991 1156 4072 eius
1190 3995 1315 4060 subti-

356 4096 522 4172 lissimi,
553 4092 682 4156 acinos
711 4093 862 4176 hepatis
896 4092 1095 4161 efformare
1128 4097 1317 4182 adjuvan·

284 4214 287 4222 ’
357 4209 440 4276 tes,
460 4213 621 4283 cumque
642 4195 745 4260 vasis
764 4194 934 4260 biliariis
955 4197 1158 4265 manifeste
1175 4203 1315 4266 cohae-

357 4311 486 4374 rentes
505 4299 558 4388 (ς.
576 4321 653 4388 29⁰·
673 4319 711 4366 n.
731 4301 800 4384 u),
822 4299 918 4367 satis
941 4302 1172 4388 ostendunt,
1192 4311 1316 4392 syste-
