2912 5000
223 365 328 432 Scor.
341 362 371 430 1.
390 361 450 428 Da
471 369 787 426 sussurronrsus
802 367 1061 422 srusrsrnu.
1116 373 1178 440 3¹7

209 506 266 590 n)
294 506 350 572 Ad
379 503 606 571 mechanica
648 501 904 566 secretiorum
942 501 1183 566 adminicula

137 627 321 676 vasorum
353 605 664 691 sanguiserorum
682 595 824 678 ortus,
847 607 1095 687 magnitudo,
1118 627 1183 670 coa

139 713 231 797 pia,
249 711 449 782 decursus,
462 708 667 772 divisionis
688 707 844 790 anguli,
861 709 1101 772 surculorum
1122 725 1184 774 cas

140 815 344 900 pillarium
378 813 631 886 distributio,
654 815 915 875 anastomoses
942 814 1184 898 frequentio·
1302 881 1309 902 Ι

141 939 200 984 res
225 924 291 982 aut
304 917 512 992 rariores,
530 913 762 978 arteriarum
791 911 983 995 ingressus
1003 921 1042 976 et
1064 937 1184 994 venas

141 1041 230 1088 rum
249 1017 395 1090 exitus,
421 1022 460 1080 et
489 1016 573 1098 ipsa
604 1014 721 1078 etiam
743 1035 872 1078 earum
896 1013 944 1078 ad
971 1015 1063 1078 istas
1098 1035 1185 1100 pro·

142 1121 274 1206 portio
295 1115 429 1182 referri
449 1117 600 1180 debent.
623 1115 689 1180 His
711 1118 815 1180 enim
835 1113 1078 1192 afficitur,ut
1098 1143 1186 1186 sans
1246 1117 1248 1124 ’

143 1223 274 1310 guinis
297 1221 479 1306 velucitus
505 1221 557 1282 sit
577 1221 700 1307 major
719 1219 780 1282 vel
799 1221 926 1282 minor
949 1223 1011 1305 ¹⁹),
1031 1230 1185 1290 mutua.

144 1349 218 1414 que
243 1343 472 1410 organorum
496 1323 780 1390 secernentium
801 1329 839 1386 et
861 1327 1058 1408 sanguinis
1082 1333 1184 1396 actio

144 1429 329 1498 differens
349 1428 543 1493 reddatur.
566 1429 738 1492 Vidimus
760 1434 888 1492 autem
909 1434 992 1494 tum
1011 1436 1193 1513 arterias,-

145 1541 232 1603 tum
261 1554 377 1598 venas
410 1531 495 1596 istis
535 1531 770 1614 respectibus
804 1531 846 1594 in
878 1529 996 1596 variis
1028 1533 1186 1604 differre

144 1622 323 1722 'partibus
343 1631 409 1716 (tt
434 1619 503 1717 ιμ’.
530 1633 630 1718 158.)‚
650 1633 715 1696 vel
740 1635 906 1697 maxime
934 1643 1064 1700 autem
1095 1663 1188 1708 vasa

147 1743 384 1825 capillaria,
421 1740 711 1804 secretionibus*
733 1739 937 1822 praecipue
977 1741 1104 1822 dicata
1135 1743 1186 1828 (§.
1255 1795 1258 1806 .

150 1845 263 1928 163.)‚
287 1847 365 1910 alia
387 1851 502 1930 atque
527 1839 609 1906 alia
634 1841 787 1906 ratione
817 1842 860 1905 iu
889 1847 1042 1932 organis
1066 1856 1103 1915 et
1122 1872 1186 1938 sy·

149 1947 380 2012 stematibus
401 1945 563 2010 diversis
586 1945 773 2028 disposita
790 1964 878 2008 esse.

149 2139 155 2152 ·
231 2110 275 2191 3)
293 2107 492 2171 Pertinsnt
510 2108 585 2170 huc
605 2129 696 2174 vasa
720 2107 966 2172 absorbentia
977 2147 988 2183 ,
1001 2127 1096 2194 quse
1109 2129 1189 2176 car·

148 2215 191 2276 to
225 2211 416 2294 insignem
446 2211 576 2274 ferunt
603 2210 645 2273 in
678 2210 955 2278 secretionibus
987 2213 1190 2296 quibusvis

148 2322 324 2417 partem,
357 2329 500 2399 quaeve
532 2329 601 2396 pro
633 2315 785 2378 ratione
819 2313 948 2396 copiae
982 2335 1071 2378 suae
1101 2321 1189 2400 plus

149 2426 219 2483 eut
240 2419 367 2482 miuus
387 2419 608 2490 resorbeat,
630 2424 668 2481 et
689 2419 805 2482 facile
840 2419 958 2482 etiam
978 2439 1047 2502 pro
1072 2421 1191 2484 ratio·

149 2536 200 2586 ne
236 2522 366 2584 variae
396 2519 666 2603 amplitudinis
695 2522 757 2586 vel
788 2519 1012 2585 subtiliores
1037 2527 1192 2586 tantum

149 2623 347 2705 recipiunt
367 2622 602 2706 particulas,
625 2625 687 2688 vel
716 2644 807 2689 vero
838 2624 1044 2708 grossiores
1073 2623 1192 2688 etiam

152 2725 373 2790 absorbent·

235 2869 291 2966 4).’
312 2883 377 2946 His
406 2881 560 2947 adsedit
587 2901 765 2948 vasorum
799 2883 1096 2948 excretoriorum
1124 2903 1194 2946 nu·

152 2997 302 3074 merus,
338 2975 555 3070 amplitudo
570 3029 581 3062 ,
603 2989 790 3064 textura,
820 2987 1076 3050 anastomosis
1107 2993 1193 3050 tum

152 3085 255 3150 inter
286 3072 346 3162 se,
374 3093 458 3150 tum
491 3108 581 3150 vero
612 3107 697 3150 cum
728 3089 830 3151 vasis
860 3087 1106 3170 capillaribus
1138 3083 1193 3172 (i.

155 3173 359 3284 mamb.)
382 3197 525 3254 etcum
562 3190 836 3275 lymphaticis,
859 3207 953 3276 quae
964 3198 1041 3269 ‚ut
1062 3193 1103 3256 in
1125 3193 1194 3256 he·
1315 3277 1320 3285 Ι

22 3325 28 3352 2
153 3297 245 3380 pate
266 3291 432 3356 vidimus
457 3289 500 3375 (§.
521 3292 634 3379 opo),
656 3299 760 3357 certo
785 3293 948 3356 obtinet.
1111 3291 1114 3302 '

227 3454 281 3534 5)
315 3453 461 3515 Taxtus
496 3433 720 3527 cellulosus‚
754 3453 820 3536 qui
850 3454 982 3518 omnia
1016 3459 1196 3538 penetrat
1253 3474 1264 3488 ·

155 3567 323 3640 organa,
344 3555 499 3639 jamque
526 3553 788 3633 majore‚iam
816 3555 964 3619 minore
996 3555 1104 3621 adest
1135 3576 1196 3620 eo·

157 3662 257 3744 pia,
283 3659 434 3743 jamque
469 3653 621 3720 densior
652 3665 719 3720 aut
752 3659 875 3722 rarior
903 3681 981 3722 esse
1014 3660 1112 3723 solet
1142 3657 1195 3740 (i,

161 3765 281 3850 riga),
301 3769 353 3841 ut
374 3761 486 3824 facila
513 3760 695 3842 colligas,
724 3757 986 3824 differentiam
1012 3760 1124 3842 ponit
1154 3763 1196 3826 in

155 3863 313 3950 organis
334 3859 551 3928 secretoriis
571 3863 772 3947 physicam
796 3861 911 3926 simul
932 3869 970 3926 et
989 3863 1161 3928 vitalem.

159 3995 164 4004 δ
243 4031 285 4116 6)
307 4027 562 4096 Adminiculis
583 4017 839 4094 secretionum
856 4030 1088 4094 mechanicis
1106 4029 1197 4094 addi

162 4135 284 4202 etiam
334 4133 446 4220 debet
491 4133 709 4195 tunicarum
749 4141 891 4197 natura
926 4135 1196 4217 penetrabilis.

162 4240 306 4314 Ranati
322 4239 355 4302 D
369 4256 414 4302 es
429 4240 595 4300 cartes
614 4235 859 4322 hypothesis,
880 4257 955 4324 qua
974 4255 1115 4322 organa
1137 4259 1195 4340 sss
1219 4291 1221 4295 ,
