2912 5000
263 366 268 384 ·
302 357 408 424 scor.
429 355 493 425 ΙΙΙ.
517 359 576 423 Dn
599 369 749 426 narrar
773 371 1038 446 snennrrorrs
1128 375 1195 448 373
1264 435 1268 446 ,

236 504 385 585 Duplex
405 508 464 569 ast
486 501 593 576 lotii,
607 519 674 584 par
691 508 859 568 ureteras
881 499 930 585 (ς.
952 506 1047 588 368.)
1070 503 1113 568 ἰιι
1130 526 1195 568 ve·

153 605 274 671 sicam
299 605 415 670 delati
435 605 568 672 exitus,
592 605 741 669 Canalis
762 608 1061 685 ammonicus,
1086 613 1194 674 anta·

152 715 233 778 rius
254 717 291 774 et
319 709 491 794 superius
523 732 542 772 e
569 711 695 776 vesica
724 715 848 786 ortus,
880 711 1103 792 peritonaeo
1133 733 1194 777 ar·
1242 797 1245 806 .

153 815 323 878 ctissime
354 813 547 892 adnexus,
576 811 693 906 inque
724 813 953 880 umbilicum
983 819 1021 884 at
1041 815 1192 888 funicu-

152 922 235 983 lum
262 919 524 984 umbilicalom
558 919 792 1003 productus,
822 919 865 983 in
894 918 999 984 fo'atu
1037 921 1192 988 urinam

154 1021 295 1086 oducit.
325 1024 354 1084 A
381 1029 495 1106 partu
524 1029 651 1088 autom
684 1023 716 1086 is
749 1021 916 1103 canalis,
947 1043 1058 1110 quem
1083 1045 1213 1089 ura··

151 1127 287 1191 chum
312 1127 467 1203 dicunt,
489 1126 713 1202 obsolescit,
735 1129 827 1192 licet
860 1127 993 1218 aliqua
1016 1129 1095 1192 sint
1127 1141 1188 1193 'ax-

150 1233 305 1315 ampla,
336 1233 404 1296 ubi
435 1232 538 1296 idom
570 1231 611 1296 in
637 1231 778 1304 adultis
809 1233 927 1296 etiam
963 1234 1187 1300 hominibus

149 1336 330 1417 patebat,
364 1339 401 1398 at
429 1334 567 1398 lotium
603 1333 792 1406 fundebat
821 1335 873 1419 g).
910 1335 966 1400 Da
1000 1335 1061 1400 hio
1094 1333 1191 1402 alibi

147 1434 262 1516 plura
284 1434 449 1514 dicturi,
470 1437 830 1502 constantissimum
853 1439 1107 1504 exoratorium
1129 1460 1191 1504 ca·
1262 1522 1265 1528 Ι
1287 1479 1292 1482 -

149 1523 279 1602 naler'n
300 1559 512 1606 memorare
533 1540 723 1608 volumus.
1235 1541 1246 1552 '

233 1703 481 1768 Contrahitur
513 1704 654 1789 quippo
682 1705 809 1770 cervix
838 1703 984 1772 vesicae
1014 1704 1055 1772 in
1084 1725 1188 1773 ure·

148 1803 345 1881 thram,
369 1825 465 1891 quaa
484 1806 620 1877 iisdem
645 1813 796 1872 constat
816 1825 901 1870 cum
923 1809 1052 1871 vesica
1072 1827 1190 1872 mem-

149 1906 297 1982 branis,
320 1911 484 1976 Urathra
505 1911 675 1976 feminea
695 1912 834 1992 latior,
859 1912 999 1996 pollice
1016 1911 1079 1974 vix
1106 1911 1190 1976 lon·

145 2013 251 2097 gior,
276 2035 298 2076 a
321 2015 462 2080 cervice
492 2023 645 2093 exorta,
664 2023 770 2080 recta
792 2014 1062 2092 descendit,et
1084 2017 1188 2082 infra

152 2118 457 2202 synchondrosin
486 2119 629 2185 ossium
658 2119 769 2201 pubis
801 2126 910 2186 extra
939 2139 1072 2203 corpus
1102 2139 1189 2204 pro·

146 2221 324 2300 ducitur,
345 2223 570 2312 tumidoque
600 2226 742 2288 annulo
770 2226 839 2288 sub
873 2225 1048 2298 clitoride
1086 2227 1188 2291 inter

146 2327 338 2412 nymphas
363 2327 545 2410 aperitur.
570 2325 723 2392 Varium
741 2325 859 2398 habat
878 2325 1130 2391 directionem
1153 2335 1190 2394 et

148 2429 444 2514 amplitudinem
473 2430 633 2508 urathra
668 2429 828 2505 virilis,
856 2429 1027 2492 feminea
1064 2431 1187 2496 multo

147 2533 332 2619 longior:
360 2533 407 2596 ab
441 2533 632 2598 anteriora
656 2536 702 2620 ¹ot
733 2529 863 2614 madia
900 2532 1046 2598 vesicae
1077 2540 1187 2616 parta

144 2645 236 2706 orta
248 2683 258 2716 ,
282 2637 398 2702 initio
420 2637 634 2714 descondit3
655 2635 731 2700 exit
754 2633 865 2712 dein,
884 2655 954 2717 per
972 2641 1188 2719 prostatam

147 2743 297 2820 cincta,
322 2741 393 2804 sub
424 2741 564 2806 ossium
597 2738 709 2824 pubis
741 2739 975 2826 symphysi3
1005 2739 1187 2822 recipitur

146 2866 249 2918 nunc
271 2869 294 2914 a
311 2849 428 2914 bulbo
450 2866 516 2920 ouo
529 2887 538 2922 ‚
562 2851 600 2910 at
619 2843 817 2914 adscendit
838 2851 972 2912 contra
1000 2847 1187 2932 symphy-

145 2950 207 3018 εἰη
220 2991 231 3026 ,
255 2950 295 3016 in
319 2951 422 3028 cuius
453 2965 631 3032 suprema
651 2953 760 3030 parte
789 2943 999 3031 ligamento
1029 2950 1187 3032 proprio

143 3053 420 3138 suspenditur:‚
442 3052 606 3140 denique
640 3052 766 3136 pergit
800 3050 905 3116 intra
935 3073 1093 3136 corpora
1125 3038 1191 3118 cass

144 3176 326 3234 vernum,
353 3161 389 3220 et
422 3153 561 3232 desinit
593 3153 692 3218 ostio
715 3173 781 3221 auo
815 3153 857 3219 iu
885 3154 1036 3238 glandis
1067 3157 1187 3240 apice.

143 3256 275 3322 Prodit
304 3258 462 3348 urethra
494 3255 591 3322 ostio
616 3255 839 3336 latissimo,
870 3257 1114 3324 contrahitur
1144 3262 1187 3328 in

145 3365 343 3444 prostata,
372 3363 522 3426 format·
550 3361 676 3428 lacum
703 3367 792 3425 ante
825 3381 909 3426 eam
935 3361 1187 3446 glandulam,
1300 3431 1302 3436 ,

145 3463 250 3526 infra
268 3463 528 3550 symphysin
517 3485 558 3527 m
579 3463 765 3526 isthmum
787 3471 1038 3546 angustatur,
1064 3468 1186 3556 fitque

145 3566 359 3652 cylindrica
379 3569 426 3632 ad
444 3567 622 3646 bulbum,
636 3567 821 3640 latescit
810 3589 851 3632 ιιι
869 3567 1028 3654 glande,
1041 3578 1079 3638 et
1096 3595 1185 3642 con·

142 3667 315 3734 trahitur
336 3669 476 3736 lterum
496 3669 544 3737 ad
566 3669 686 3766 finem
705 3666 762 3758 h)

227 3799 425 3908 sensibilis
445 3835 651 3902 admodum
677 3855 834 3902 mucosa
851 3824 1032 3904 urathrae
1053 3838 1187 3910 tunica

69 3931 75 3936 ’
143 3937 289 4019 partim
318 3955 384 4020 par
412 3938 614 4005 humorem
646 3956 691 4002 rx
724 3941 884 4021 arteriis,
916 3941 1186 4021 exhalantem,

144 4039 290 4121 partim
316 4061 405 4108 vero
433 4061 501 4124 per
523 4053 674 4108 mucum
705 4044 758 4120 in
782 4045 983 4128 superficie
1001 4045 1094 4128 ‘ejus
1127 4065 1186 4112 se-

146 4149 290 4217 cretum
320 4146 545 4216 lubricatur.
576 4148 646 4214 His
678 4147 828 4238 adcadit
855 4146 1181 4235 humor-''glandua
