2912 5000
253 347 363 412 arar.
377 342 405 414 1.
415 341 474 409 Dr
496 353 811 410 ssesrrrorrsos
833 354 1092 414 sarsssrrss.
1129 301 1222 430 ⁸3¹⁷·

161 486 267 554 anim
288 491 440 556 variam
458 488 632 574 partium
653 485 890 572 liquidarum
910 491 1088 574 copiam,
1110 487 1216 556 unde

159 593 299 660 secreti
337 596 473 662 latices
510 595 664 658 varium
702 592 902 676 accipiunt
943 593 1210 679 spissitudinis

154 700 320 788 ‘gradum
341 707 379 764 et
398 699 568 766 indolem
584 673 750 762 carism-
772 697 959 784 Suprema
969 703 1102 764 eutem
1122 695 1213 764 effi-

157 803 298 878 cacia,
326 807 370 865 ut
398 821 444 864 ex
473 797 651 881 atffluctis
682 799 816 881 patuit
847 797 1212 888 observationihm,

155 901 200 968 in
222 895 349 970 nervis
372 907 430 966 est
447 901 600 984 posite3
618 899 662 964 hi
685 899 788 964 enim
815 904 931 982 sunt,
953 899 1020 986 qui
1049 899 1216 968 vitalem

150 1008 378 1076 'conducunt
396 1002 679 1080 efficientiam,
699 997 1212 1090 metamorphosasorgani·
1256 1033 1274 1080 ,·

155 1132 221 1177 cas
250 1111 556 1218 gubsrpentem,
576 1112 616 1171 et
643 1107 731 1189 ipsa
764 1109 884 1176 etiam
911 1125 1059 1192 organa
1088 1125 1211 1172 secor·

153 1213 295 1280 nentis
321 1229 391 1296 per
415 1209 522 1274 idam
547 1214 718 1294 systema
737 1230 924 1276 nerveum
955 1209 997 1272 in
1022 1227 1113 1273 eum
1138 1227 1209 1292 po·
1257 1231 1267 1256 ⁴

154 1321 305 1384 nuntur
335 1312 588 1402 dynamicum
617 1330 781 1388 nexum,
815 1332 890 1402 quo
920 1331 1117 1394 processus
1149 1331 1208 1380 re·

155 1415 407 1512 productiva·
426 1417 470 1482 in
489 1413 622 1486 debito
646 1421 821 1484 servatur
841 1420 1044 1482 concentu.

605 1603 634 1676 l·
678 1599 756 1683 35⁶·

159 1779 550 1871 Quibuscsusis
580 1783 896 1850 sacrationes
929 1771 1208 1853 mutentur.
1271 1843 1274 1850 .

238 1928 333 1994 Cum
355 1917 466 1989 varis
483 1925 564 1990 sint
587 1929 625 1988 et
652 1926 778 1990 multa
798 1927 1059 1999 sectationum
1079 1929 1210 1996 admi-

155 2027 307 2103 nicola,
328 2045 463 2106 caussa
487 2029 629 2104 etiem,
652 2029 791 2113 quibus
820 2039 1009 2116 augentur
1033 2042 1101 2100 aut
1131 2037 1207 2100 mi-

155 2137 351 2213 nuuntur,
370 2133 435 2200 vel
467 2133 509 2198 in
542 2133 733 2220 qualitate
755 2135 981 2213 mutentur,
1009 2140 1207 2224 multipli-

156 2255 216 2302 ces
248 2255 326 2302 essa
355 2237 507 2302 debent.
547 2237 695 2306 Harum
729 2244 860 2326 eutem
891 2224 1123 2327 praecipuae
1149 2266 1206 2310 se·

155 2349 316 2440 quantes
335 2345 438 2408 sunt·
715 2433 719 2444 .
788 2379 822 2426 t

241 2483 282 2568 ι)
303 2483 428 2568 Major
457 2483 662 2570 sanguinis
693 2485 805 2572 copia
830 2507 966 2552 omnes
988 2493 1209 2573 generatim

95 2573 100 2588 ’
153 2594 269 2675 auget
286 2588 542 2663 secretiones,
565 2594 683 2672 prout
710 2590 944 2656 acceleratus
974 2591 1055 2672 eius
1074 2601 1205 2660 motus

150 2713 219 2775 per
237 2693 462 2758 universum
483 2712 646 2778 corpus,
666 2695 731 2759 vel
749 2695 907 2760 uberior
938 2695 1017 2776 ejus
1030 2743 1032 2748 -
1046 2699 1088 2761 in
1112 2718 1204 2763 -cer-

139 2789 212 2860 'tas
233 2801 362 2883 partes
393 2795 567 2860 adfluxus
597 2796 830 2870 secretiones
865 2807 1108 2882 promovent.
1141 2803 1204 2868 ln·

150 2899 299 2966 tensior
319 2901 422 2968 enim
443 2905 535 2965 tunc
558 2919 791 2986 organorum
819 2908 877 2968 est
904 2904 1138 2982 concitatio,
1163 2913 1204 2974 et
1231 2931 1254 2942 ‘⁴

149 2989 420 3092 suppeditetur
437 3002 593 3068 uberior
609 3023 685 3086 -pro
713 3005 946 3090 generandis
967 3006 1203 3075 humoribus
1222 3063 1225 3074 .

152 3109 406 3174 materiarum
427 3105 549 3190 capla.
571 3105 752 3172 Videmus
771 3108 865 3199 hinc
887 3111 1126 3194 inpartibus
1148 3097 1207 3180 i'r·

151 3197 520 3288 ritetisuberiorem
541 3236 622 3281 asse
650 3216 906 3282 secretionem
931 3220 985 3300 (t.
1007 3236 1060 3303 73.
1085 3220 1204 3307 vlt),

149 3325 349 3404 certasque
367 3319 535 3384 diminui
553 3321 786 3384 secretiones
811 3339 897 3386 cunt
921 3323 1024 3387 alias
1044 3330 1204 3406 praeter

79 3447 88 3466 ·
151 3429 380 3518 consuetum
401 3422 562 3489 modum
582 3429 719 3489 auctae
742 3430 844 3489 sunt.
867 3426 977 3507 lpsea
998 3423 1088 3492 dein
1110 3447 1199 3492 san·
1225 3465 1231 3480 κ

149 3526 281 3612 guinis
315 3527 556 3615 qualitates,
586 3545 685 3612 quoa
713 3519 783 3611 par
810 3527 940 3592 cibum
971 3531 1009 3594 st
1037 3537 1201 3615 potum,

120 3631 129 3692 .’
147 3652 217 3718 per
240 3633 536 3716 atmosphae'ras
554 3631 783 3713 temperiem
807 3637 845 3695 et
866 3633 1200 3736 constitutionem,

147 3735 416 3832 perquselias
435 3753 569 3802 causas
595 3739 706 3808 carto
721 3739 949 3815 mutentur,
967 3738 1200 3830 secretiones
1280 3782 1283 3791 =
1404 3723 1412 3734 ’

150 3845 294 3934 augent
321 3839 385 3907 vel
408 3839 622 3915 minuunt,
645 3842 714 3904 aut
743 3843 899 3904 mutant
925 3838 967 3907 in
996 3839 1199 3926 qualitate.
1243 3929 1247 3938 Ι
1285 3922 1288 3926 ¹
1372 3899 1377 3944 :

150 3945 211 4016 Sic
232 3941 409 4029 videmus
430 3941 583 4026 hepatis
603 3939 847 4011 functionem
870 3962 937 4026 per
957 3963 1001 4006 es
1021 3941 1198 4034 intendi,

149 4069 249 4138 quaa
268 4047 593 4132 phlogisticorum
617 4051 768 4128 augent¹
783 4045 825 4135 in
848 4063 1006 4129 corpora
1023 4045 1196 4114 'animali

118 4177 122 4190 ·
149 4149 412 4239 quantitatem
432 4146 484 4230 (ς.
504 4150 615 4234 295.);
637 4149 692 4212 sic
711 4147 966 4212 albuminose·
978 4147 1201 4234 spermatis,

147 4258 186 4344 st
209 4251 408 4340 glutinosa
425 4249 530 4320 muci
552 4255 693 4338 sugent
715 4241 981 4320 sacrationem.
