<?xml version="1.0" encoding="UTF-8"?>
<!DOCTYPE html PUBLIC "-//W3C//DTD XHTML 1.0 Transitional//EN"
    "http://www.w3.org/TR/xhtml1/DTD/xhtml1-transitional.dtd">
<html xmlns="http://www.w3.org/1999/xhtml" xml:lang="en" lang="en">
 <head>
  <title>
</title>
<meta http-equiv="Content-Type" content="text/html;charset=utf-8" />
  <meta name='ocr-system' content='tesseract 3.04.00' />
  <meta name='ocr-capabilities' content='ocr_page ocr_carea ocr_par ocr_line ocrx_word'/>
</head>
<body>
  <div class='ocr_page' id='page_1' title='image "./physiologiamedi03lenhgoog_0070.png"; bbox 0 0 2892 5004; ppageno 0'>
   <div class='ocr_carea' id='block_1_1' title="bbox 312 387 1180 610">
    <p class='ocr_par' dir='ltr' id='par_1_1' title="bbox 312 387 1180 610">
     <span class='ocr_line' id='line_1_1' title="bbox 312 387 1180 496; baseline 0.022 -38"><span class='ocrx_word' id='word_1_1' title='bbox 312 393 423 460; x_wconf 78' lang='lat' dir='ltr'><strong>saer.</strong></span> <span class='ocrx_word' id='word_1_2' title='bbox 444 387 473 462; x_wconf 81' lang='lat'><strong>1.</strong></span> <span class='ocrx_word' id='word_1_3' title='bbox 492 397 552 464; x_wconf 79' lang='lat' dir='ltr'><strong>De</strong></span> <span class='ocrx_word' id='word_1_4' title='bbox 573 411 825 468; x_wconf 72' lang='lat' dir='ltr'><strong>veterascens</strong></span> <span class='ocrx_word' id='word_1_5' title='bbox 847 417 1034 476; x_wconf 77' lang='lat' dir='ltr'><strong>errrore.</strong></span> <span class='ocrx_word' id='word_1_6' title='bbox 1058 483 1063 496; x_wconf 54' lang='grc'>,</span> <span class='ocrx_word' id='word_1_7' title='bbox 1138 413 1180 494; x_wconf 77' lang='lat'><strong>57</strong></span> 
     </span>
     <span class='ocr_line' id='line_1_2' title="bbox 572 541 863 610; baseline 0.017 -6"><span class='ocrx_word' id='word_1_8' title='bbox 572 541 665 606; x_wconf 79' lang='lat' dir='ltr'><strong>car.</strong></span> <span class='ocrx_word' id='word_1_9' title='bbox 708 542 755 610; x_wconf 87' lang='lat'><strong>11.</strong></span> <span class='ocrx_word' id='word_1_10' title='bbox 860 591 863 598; x_wconf 84' lang='lat'>-</span> 
     </span>
    </p>
   </div>
   <div class='ocr_carea' id='block_1_2' title="bbox 227 693 1039 776">
    <p class='ocr_par' dir='ltr' id='par_1_2' title="bbox 227 693 1039 776">
     <span class='ocr_line' id='line_1_3' title="bbox 227 693 1039 776; baseline 0.016 -15"><span class='ocrx_word' id='word_1_11' title='bbox 227 703 236 734; x_wconf 51' lang='lat' dir='ltr'><strong>i</strong></span> <span class='ocrx_word' id='word_1_12' title='bbox 286 693 349 762; x_wconf 87' lang='lat' dir='ltr'><strong>DE</strong></span> <span class='ocrx_word' id='word_1_13' title='bbox 368 693 720 770; x_wconf 79' lang='lat' dir='ltr'><strong>ALIMENTORUM</strong></span> <span class='ocrx_word' id='word_1_14' title='bbox 740 705 1039 776; x_wconf 81' lang='lat' dir='ltr'><strong>DIGESTIONE.</strong></span> 
     </span>
    </p>
   </div>
   <div class='ocr_carea' id='block_1_3' title="bbox 524 879 784 904">
    <p class='ocr_par' dir='ltr' id='par_1_3' title="bbox 524 879 784 904">
     <span class='ocr_line' id='line_1_4' title="bbox 524 879 784 904; baseline -0.008 -2"><span class='ocrx_word' id='word_1_15' title='bbox 524 879 784 904; x_wconf 60' lang='lat'><strong>⁸*-</strong></span> 
     </span>
    </p>
   </div>
   <div class='ocr_carea' id='block_1_4' title="bbox 377 997 890 1218">
    <p class='ocr_par' dir='ltr' id='par_1_4' title="bbox 377 997 890 1218">
     <span class='ocr_line' id='line_1_5' title="bbox 444 997 776 1102; baseline -0.015 -37"><span class='ocrx_word' id='word_1_16' title='bbox 444 1089 460 1102; x_wconf 25' lang='grc' dir='ltr'>ς</span> <span class='ocrx_word' id='word_1_17' title='bbox 535 1013 703 1066; x_wconf 82' lang='lat' dir='ltr'><strong>sacr.</strong></span> <span class='ocrx_word' id='word_1_18' title='bbox 747 997 776 1064; x_wconf 89' lang='lat'><strong>1·.</strong></span> 
     </span>
     <span class='ocr_line' id='line_1_6' title="bbox 377 1157 890 1218; baseline -0.006 -4"><span class='ocrx_word' id='word_1_19' title='bbox 377 1157 430 1214; x_wconf 76' lang='lat' dir='ltr'><strong>DE</strong></span> <span class='ocrx_word' id='word_1_20' title='bbox 451 1158 689 1218; x_wconf 71' lang='lat' dir='ltr'><strong>venusinum</strong></span> <span class='ocrx_word' id='word_1_21' title='bbox 704 1157 890 1217; x_wconf 75' lang='lat' dir='ltr'><strong>acutouu.</strong></span> 
     </span>
    </p>
   </div>
   <div class='ocr_carea' id='block_1_5' title="bbox 581 1331 728 1416">
    <p class='ocr_par' dir='ltr' id='par_1_5' title="bbox 581 1331 728 1416">
     <span class='ocr_line' id='line_1_7' title="bbox 581 1331 728 1416; baseline -0.061 -13"><span class='ocrx_word' id='word_1_22' title='bbox 581 1338 610 1412; x_wconf 74' lang='grc' dir='ltr'><strong>ς.</strong></span> <span class='ocrx_word' id='word_1_23' title='bbox 653 1331 728 1416; x_wconf 76' lang='lat'>276.</span> 
     </span>
    </p>
   </div>
   <div class='ocr_carea' id='block_1_6' title="bbox 364 1517 914 1588">
    <p class='ocr_par' dir='ltr' id='par_1_6' title="bbox 364 1517 914 1588">
     <span class='ocr_line' id='line_1_8' title="bbox 364 1517 914 1588; baseline 0.004 -7"><span class='ocrx_word' id='word_1_24' title='bbox 364 1525 368 1534; x_wconf 92' lang='grc'><strong>’</strong></span> <span class='ocrx_word' id='word_1_25' title='bbox 409 1517 914 1588; x_wconf 66' lang='lat' dir='ltr'><strong>Gavumabdominiss</strong></span> 
     </span>
    </p>
   </div>
   <div class='ocr_carea' id='block_1_7' title="bbox 128 1654 1180 2832">
    <p class='ocr_par' dir='ltr' id='par_1_7' title="bbox 128 1654 1180 2832">
     <span class='ocr_line' id='line_1_9' title="bbox 130 1654 1177 1800; baseline 0.002 -18"><span class='ocrx_word' id='word_1_26' title='bbox 130 1654 339 1783; x_wconf 81' lang='lat' dir='ltr'><strong>Continet</strong></span> <span class='ocrx_word' id='word_1_27' title='bbox 357 1713 576 1779; x_wconf 80' lang='lat' dir='ltr'><strong>abdominis</strong></span> <span class='ocrx_word' id='word_1_28' title='bbox 594 1733 730 1780; x_wconf 86' lang='lat' dir='ltr'><strong>cavum</strong></span> <span class='ocrx_word' id='word_1_29' title='bbox 750 1734 894 1800; x_wconf 75' lang='lat' dir='ltr'><strong>organa</strong></span> <span class='ocrx_word' id='word_1_30' title='bbox 905 1715 1003 1794; x_wconf 88' lang='lat' dir='ltr'><strong>,soli</strong></span> <span class='ocrx_word' id='word_1_31' title='bbox 1022 1721 1177 1786; x_wconf 81' lang='lat' dir='ltr'><strong>tantum</strong></span> 
     </span>
     <span class='ocr_line' id='line_1_10' title="bbox 129 1821 1176 1907; baseline -0.003 -19"><span class='ocrx_word' id='word_1_32' title='bbox 129 1822 425 1907; x_wconf 85' lang='lat' dir='ltr'><strong>reproduotioni</strong></span> <span class='ocrx_word' id='word_1_33' title='bbox 445 1821 717 1900; x_wconf 78' lang='lat' dir='ltr'><strong>inservientia,</strong></span> <span class='ocrx_word' id='word_1_34' title='bbox 739 1831 777 1889; x_wconf 88' lang='lat' dir='ltr'><strong>et</strong></span> <span class='ocrx_word' id='word_1_35' title='bbox 797 1823 845 1889; x_wconf 92' lang='lat' dir='ltr'><strong>ab</strong></span> <span class='ocrx_word' id='word_1_36' title='bbox 867 1825 975 1892; x_wconf 83' lang='lat' dir='ltr'><strong>omni</strong></span> <span class='ocrx_word' id='word_1_37' title='bbox 995 1827 1176 1891; x_wconf 86' lang='lat' dir='ltr'><strong>volunta-</strong></span> 
     </span>
     <span class='ocr_line' id='line_1_11' title="bbox 129 1925 1177 2016; baseline -0.004 -24"><span class='ocrx_word' id='word_1_38' title='bbox 129 1927 182 1992; x_wconf 83' lang='lat' dir='ltr'><strong>tis</strong></span> <span class='ocrx_word' id='word_1_39' title='bbox 207 1927 373 2011; x_wconf 88' lang='lat' dir='ltr'><strong>imperio</strong></span> <span class='ocrx_word' id='word_1_40' title='bbox 401 1932 574 1992; x_wconf 75' lang='lat' dir='ltr'><strong>remota:</strong></span> <span class='ocrx_word' id='word_1_41' title='bbox 607 1947 753 2014; x_wconf 81' lang='lat' dir='ltr'><strong>organa</strong></span> <span class='ocrx_word' id='word_1_42' title='bbox 779 1929 919 2016; x_wconf 89' lang='lat' dir='ltr'><strong>quippe</strong></span> <span class='ocrx_word' id='word_1_43' title='bbox 935 1925 1177 2014; x_wconf 57' lang='lat' dir='ltr'><strong>”digestionis</strong></span> 
     </span>
     <span class='ocr_line' id='line_1_12' title="bbox 130 2029 1176 2126; baseline -0.001 -33"><span class='ocrx_word' id='word_1_44' title='bbox 130 2035 169 2096; x_wconf 88' lang='lat' dir='ltr'><strong>et</strong></span> <span class='ocrx_word' id='word_1_45' title='bbox 195 2029 501 2115; x_wconf 86' lang='lat' dir='ltr'><strong>chylificationis</strong></span> <span class='ocrx_word' id='word_1_46' title='bbox 511 2071 523 2108; x_wconf 89' lang='lat'><em>,</em></span> <span class='ocrx_word' id='word_1_47' title='bbox 542 2031 825 2108; x_wconf 86' lang='lat' dir='ltr'><strong>ventriculum,</strong></span> <span class='ocrx_word' id='word_1_48' title='bbox 846 2035 983 2126; x_wconf 77' lang='lat' dir='ltr'><strong>tubum</strong></span> <span class='ocrx_word' id='word_1_49' title='bbox 1023 2031 1176 2097; x_wconf 87' lang='lat' dir='ltr'><strong>intesti-</strong></span> 
     </span>
     <span class='ocr_line' id='line_1_13' title="bbox 129 2124 1178 2220; baseline -0.002 -20"><span class='ocrx_word' id='word_1_50' title='bbox 129 2124 287 2210; x_wconf 86' lang='lat' dir='ltr'><strong>naiem,</strong></span> <span class='ocrx_word' id='word_1_51' title='bbox 307 2155 518 2218; x_wconf 84' lang='lat' dir='ltr'><strong>pancreas,</strong></span> <span class='ocrx_word' id='word_1_52' title='bbox 539 2135 685 2220; x_wconf 85' lang='lat' dir='ltr'><strong>hepar,</strong></span> <span class='ocrx_word' id='word_1_53' title='bbox 707 2135 851 2204; x_wconf 83' lang='lat' dir='ltr'><strong>lienem</strong></span> <span class='ocrx_word' id='word_1_54' title='bbox 871 2145 944 2204; x_wconf 87' lang='lat' dir='ltr'><strong>etc.</strong></span> <span class='ocrx_word' id='word_1_55' title='bbox 974 2139 1178 2204; x_wconf 84' lang='lat' dir='ltr'><strong>Formatur</strong></span> 
     </span>
     <span class='ocr_line' id='line_1_14' title="bbox 130 2234 1176 2328; baseline 0.004 -26"><span class='ocrx_word' id='word_1_56' title='bbox 130 2237 174 2303; x_wconf 88' lang='lat' dir='ltr'><strong>id</strong></span> <span class='ocrx_word' id='word_1_57' title='bbox 197 2259 336 2304; x_wconf 87' lang='lat' dir='ltr'><strong>cavum</strong></span> <span class='ocrx_word' id='word_1_58' title='bbox 362 2257 433 2324; x_wconf 88' lang='lat' dir='ltr'><strong>pro</strong></span> <span class='ocrx_word' id='word_1_59' title='bbox 466 2240 641 2311; x_wconf 83' lang='lat' dir='ltr'><strong>maxima</strong></span> <span class='ocrx_word' id='word_1_60' title='bbox 660 2234 778 2324; x_wconf 87' lang='lat' dir='ltr'><strong>&#39;parte</strong></span> <span class='ocrx_word' id='word_1_61' title='bbox 810 2243 1027 2328; x_wconf 80' lang='lat' dir='ltr'><strong>perietibus</strong></span> <span class='ocrx_word' id='word_1_62' title='bbox 1058 2261 1176 2306; x_wconf 88' lang='lat' dir='ltr'><strong>mam·</strong></span> 
     </span>
     <span class='ocr_line' id='line_1_15' title="bbox 128 2341 1178 2422; baseline 0.002 -16"><span class='ocrx_word' id='word_1_63' title='bbox 128 2341 333 2408; x_wconf 80' lang='lat' dir='ltr'><strong>branaceis</strong></span> <span class='ocrx_word' id='word_1_64' title='bbox 364 2345 401 2406; x_wconf 88' lang='lat' dir='ltr'><strong>at</strong></span> <span class='ocrx_word' id='word_1_65' title='bbox 439 2342 683 2408; x_wconf 83' lang='lat' dir='ltr'><strong>tenuioribus</strong></span> <span class='ocrx_word' id='word_1_66' title='bbox 725 2345 986 2410; x_wconf 87' lang='lat' dir='ltr'><strong>musculorum</strong></span> <span class='ocrx_word' id='word_1_67' title='bbox 1018 2345 1178 2422; x_wconf 84' lang='lat' dir='ltr'><strong>stratis,</strong></span> 
     </span>
     <span class='ocr_line' id='line_1_16' title="bbox 130 2445 1175 2530; baseline 0.002 -20"><span class='ocrx_word' id='word_1_68' title='bbox 130 2447 288 2530; x_wconf 78' lang='lat' dir='ltr'><strong>postica</strong></span> <span class='ocrx_word' id='word_1_69' title='bbox 311 2445 436 2510; x_wconf 89' lang='lat' dir='ltr'><strong>solum</strong></span> <span class='ocrx_word' id='word_1_70' title='bbox 456 2450 566 2528; x_wconf 87' lang='lat' dir='ltr'><strong>parte</strong></span> <span class='ocrx_word' id='word_1_71' title='bbox 592 2446 859 2520; x_wconf 85' lang='lat' dir='ltr'><strong>vertebrarum</strong></span> <span class='ocrx_word' id='word_1_72' title='bbox 893 2453 1076 2514; x_wconf 83' lang='lat' dir='ltr'><strong>columna</strong></span> <span class='ocrx_word' id='word_1_73' title='bbox 1108 2447 1175 2514; x_wconf 64' lang='lat' dir='ltr'><strong>firv</strong></span> 
     </span>
     <span class='ocr_line' id='line_1_17' title="bbox 129 2537 1177 2634; baseline -0.004 -14"><span class='ocrx_word' id='word_1_74' title='bbox 129 2537 304 2628; x_wconf 77' lang='lat' dir='ltr'><strong>matum,</strong></span> <span class='ocrx_word' id='word_1_75' title='bbox 325 2549 426 2616; x_wconf 88' lang='lat' dir='ltr'><strong>unde</strong></span> <span class='ocrx_word' id='word_1_76' title='bbox 448 2550 631 2616; x_wconf 88' lang='lat' dir='ltr'><strong>volumen</strong></span> <span class='ocrx_word' id='word_1_77' title='bbox 653 2550 733 2634; x_wconf 82' lang='lat' dir='ltr'><strong>eius</strong></span> <span class='ocrx_word' id='word_1_78' title='bbox 753 2553 900 2634; x_wconf 85' lang='lat' dir='ltr'><strong>tantis,</strong></span> <span class='ocrx_word' id='word_1_79' title='bbox 918 2560 962 2618; x_wconf 91' lang='lat' dir='ltr'><strong>ut</strong></span> <span class='ocrx_word' id='word_1_80' title='bbox 992 2555 1033 2619; x_wconf 88' lang='lat' dir='ltr'><strong>in</strong></span> <span class='ocrx_word' id='word_1_81' title='bbox 1069 2552 1177 2616; x_wconf 90' lang='lat' dir='ltr'><strong>nullo</strong></span> 
     </span>
     <span class='ocr_line' id='line_1_18' title="bbox 128 2656 1180 2743; baseline -0.009 -18"><span class='ocrx_word' id='word_1_82' title='bbox 128 2663 214 2724; x_wconf 78' lang='lat' dir='ltr'><strong>alio</strong></span> <span class='ocrx_word' id='word_1_83' title='bbox 233 2656 402 2743; x_wconf 88' lang='lat' dir='ltr'><strong>corporis</strong></span> <span class='ocrx_word' id='word_1_84' title='bbox 424 2675 517 2722; x_wconf 82' lang='lat' dir='ltr'><strong>cavo</strong></span> <span class='ocrx_word' id='word_1_85' title='bbox 539 2657 729 2724; x_wconf 85' lang='lat' dir='ltr'><strong>cernimus</strong></span> <span class='ocrx_word' id='word_1_86' title='bbox 743 2703 755 2738; x_wconf 85' lang='lat'>,</span> <span class='ocrx_word' id='word_1_87' title='bbox 768 2659 978 2728; x_wconf 85' lang='lat' dir='ltr'><strong>obnoxium</strong></span> <span class='ocrx_word' id='word_1_88' title='bbox 989 2663 1045 2724; x_wconf 91' lang='lat' dir='ltr'><strong>est</strong></span> <span class='ocrx_word' id='word_1_89' title='bbox 1056 2662 1180 2724; x_wconf 81' lang='lat' dir='ltr'><strong>muts.</strong></span> 
     </span>
     <span class='ocr_line' id='line_1_19' title="bbox 129 2765 317 2832; baseline -0.021 -2"><span class='ocrx_word' id='word_1_90' title='bbox 129 2765 317 2832; x_wconf 85' lang='lat' dir='ltr'><strong>tionibus.</strong></span> 
     </span>
    </p>
   </div>
   <div class='ocr_carea' id='block_1_8' title="bbox 216 2905 1177 2990">
    <p class='ocr_par' dir='ltr' id='par_1_8' title="bbox 216 2905 1177 2990">
     <span class='ocr_line' id='line_1_20' title="bbox 216 2905 1177 2990; baseline -0.002 -18"><span class='ocrx_word' id='word_1_91' title='bbox 216 2907 364 2990; x_wconf 85' lang='lat' dir='ltr'><strong>Perit</strong></span> <span class='ocrx_word' id='word_1_92' title='bbox 383 2925 595 2972; x_wconf 87' lang='lat' dir='ltr'><strong>onasum</strong></span> <span class='ocrx_word' id='word_1_93' title='bbox 616 2947 627 2980; x_wconf 92' lang='lat'><em>,</em></span> <span class='ocrx_word' id='word_1_94' title='bbox 658 2911 794 2990; x_wconf 83' lang='lat' dir='ltr'><strong>utpote</strong></span> <span class='ocrx_word' id='word_1_95' title='bbox 825 2905 998 2971; x_wconf 88' lang='lat' dir='ltr'><strong>maxima</strong></span> <span class='ocrx_word' id='word_1_96' title='bbox 1031 2927 1177 2972; x_wconf 73' lang='lat' dir='ltr'><strong>setosa·</strong></span> 
     </span>
    </p>
   </div>
   <div class='ocr_carea' id='block_1_9' title="bbox 131 3003 1309 3094">
    <p class='ocr_par' dir='ltr' id='par_1_9' title="bbox 131 3003 1309 3094">
     <span class='ocr_line' id='line_1_21' title="bbox 131 3003 1309 3094; baseline -0.003 -21"><span class='ocrx_word' id='word_1_97' title='bbox 131 3027 220 3074; x_wconf 87' lang='lat' dir='ltr'><strong>rum</strong></span> <span class='ocrx_word' id='word_1_98' title='bbox 241 3008 555 3072; x_wconf 86' lang='lat' dir='ltr'><strong>membranarum</strong></span> <span class='ocrx_word' id='word_1_99' title='bbox 576 3007 705 3091; x_wconf 91' lang='lat' dir='ltr'><strong>portio</strong></span> <span class='ocrx_word' id='word_1_100' title='bbox 727 3003 777 3088; x_wconf 70' lang='grc' dir='ltr'><strong>(ς.</strong></span> <span class='ocrx_word' id='word_1_101' title='bbox 793 3007 903 3094; x_wconf 70' lang='lat' dir='ltr'><strong>ua),</strong></span> <span class='ocrx_word' id='word_1_102' title='bbox 925 3027 1037 3074; x_wconf 87' lang='lat' dir='ltr'><strong>omne</strong></span> <span class='ocrx_word' id='word_1_103' title='bbox 1056 3007 1180 3090; x_wconf 79' lang='lat' dir='ltr'><strong>cingit</strong></span> <span class='ocrx_word' id='word_1_104' title='bbox 1306 3065 1309 3079; x_wconf 83' lang='lat'><em>,</em></span> 
     </span>
    </p>
   </div>
   <div class='ocr_carea' id='block_1_10' title="bbox 136 3109 1212 3199">
    <p class='ocr_par' dir='ltr' id='par_1_10' title="bbox 136 3109 1212 3199">
     <span class='ocr_line' id='line_1_22' title="bbox 136 3109 1212 3199; baseline -0.001 -23"><span class='ocrx_word' id='word_1_105' title='bbox 136 3110 360 3199; x_wconf 77' lang='lat' dir='ltr'><strong>abdominis</strong></span> <span class='ocrx_word' id='word_1_106' title='bbox 378 3131 528 3188; x_wconf 86' lang='lat' dir='ltr'><strong>cavum,</strong></span> <span class='ocrx_word' id='word_1_107' title='bbox 541 3116 579 3175; x_wconf 92' lang='lat' dir='ltr'><strong>et</strong></span> <span class='ocrx_word' id='word_1_108' title='bbox 599 3109 768 3182; x_wconf 86' lang='lat' dir='ltr'><strong>involvit</strong></span> <span class='ocrx_word' id='word_1_109' title='bbox 789 3111 947 3196; x_wconf 81' lang='lat' dir='ltr'><strong>quaevis</strong></span> <span class='ocrx_word' id='word_1_110' title='bbox 969 3112 1009 3176; x_wconf 89' lang='lat' dir='ltr'><strong>in</strong></span> <span class='ocrx_word' id='word_1_111' title='bbox 1031 3133 1074 3178; x_wconf 87' lang='lat' dir='ltr'><strong>eo</strong></span> <span class='ocrx_word' id='word_1_112' title='bbox 1089 3131 1179 3176; x_wconf 88' lang='lat' dir='ltr'><strong>con·</strong></span> <span class='ocrx_word' id='word_1_113' title='bbox 1210 3186 1212 3192; x_wconf 15' lang='lat' dir='ltr'>y</span> 
     </span>
    </p>
   </div>
   <div class='ocr_carea' id='block_1_11' title="bbox 132 3219 1285 3302">
    <p class='ocr_par' dir='ltr' id='par_1_11' title="bbox 132 3219 1285 3302">
     <span class='ocr_line' id='line_1_23' title="bbox 132 3219 1285 3302; baseline -0.002 -20"><span class='ocrx_word' id='word_1_114' title='bbox 132 3223 244 3282; x_wconf 87' lang='lat' dir='ltr'><strong>tenta</strong></span> <span class='ocrx_word' id='word_1_115' title='bbox 275 3235 431 3302; x_wconf 81' lang='lat' dir='ltr'><strong>organa.</strong></span> <span class='ocrx_word' id='word_1_116' title='bbox 464 3221 640 3284; x_wconf 80' lang='lat' dir='ltr'><strong>convexa</strong></span> <span class='ocrx_word' id='word_1_117' title='bbox 665 3237 805 3302; x_wconf 83' lang='lat' dir='ltr'><strong>nempe</strong></span> <span class='ocrx_word' id='word_1_118' title='bbox 827 3224 865 3282; x_wconf 91' lang='lat' dir='ltr'><strong>et</strong></span> <span class='ocrx_word' id='word_1_119' title='bbox 885 3219 1068 3284; x_wconf 87' lang='lat' dir='ltr'><strong>cellulosa</strong></span> <span class='ocrx_word' id='word_1_120' title='bbox 1092 3239 1180 3282; x_wconf 87' lang='lat' dir='ltr'><strong>con·</strong></span> <span class='ocrx_word' id='word_1_121' title='bbox 1282 3229 1285 3244; x_wconf 77' lang='lat'><strong>⁴</strong></span> 
     </span>
    </p>
   </div>
   <div class='ocr_carea' id='block_1_12' title="bbox 135 3319 1175 3404">
    <p class='ocr_par' dir='ltr' id='par_1_12' title="bbox 135 3319 1175 3404">
     <span class='ocr_line' id='line_1_24' title="bbox 135 3319 1175 3404; baseline 0.004 -20"><span class='ocrx_word' id='word_1_122' title='bbox 135 3319 751 3404; x_wconf 81' lang='lat' dir='ltr'><strong>ceptaculimembranaceifacies</strong></span> <span class='ocrx_word' id='word_1_123' title='bbox 771 3340 840 3404; x_wconf 89' lang='lat' dir='ltr'><strong>ops</strong></span> <span class='ocrx_word' id='word_1_124' title='bbox 861 3327 988 3388; x_wconf 85' lang='lat' dir='ltr'><strong>textus</strong></span> <span class='ocrx_word' id='word_1_125' title='bbox 1001 3321 1175 3389; x_wconf 87' lang='lat' dir='ltr'><strong>cellulosi</strong></span> 
     </span>
    </p>
   </div>
   <div class='ocr_carea' id='block_1_13' title="bbox 137 3428 1176 3617">
    <p class='ocr_par' dir='ltr' id='par_1_13' title="bbox 137 3428 1176 3617">
     <span class='ocr_line' id='line_1_25' title="bbox 137 3428 1171 3515; baseline -0.005 -18"><span class='ocrx_word' id='word_1_126' title='bbox 137 3429 429 3515; x_wconf 80' lang='lat' dir='ltr'><strong>diaphragmati</strong></span> <span class='ocrx_word' id='word_1_127' title='bbox 441 3474 452 3510; x_wconf 92' lang='lat'>,</span> <span class='ocrx_word' id='word_1_128' title='bbox 466 3429 650 3494; x_wconf 86' lang='lat' dir='ltr'><strong>musculis</strong></span> <span class='ocrx_word' id='word_1_129' title='bbox 672 3428 1004 3504; x_wconf 86' lang='lat' dir='ltr'><strong>abdominalibus,</strong></span> <span class='ocrx_word' id='word_1_130' title='bbox 1022 3429 1171 3492; x_wconf 82' lang='lat' dir='ltr'><strong>vesicae</strong></span> 
     </span>
     <span class='ocr_line' id='line_1_26' title="bbox 139 3531 1176 3617; baseline 0 -21"><span class='ocrx_word' id='word_1_131' title='bbox 139 3533 350 3613; x_wconf 71' lang='lat' dir='ltr'><strong>urinas-ise,</strong></span> <span class='ocrx_word' id='word_1_132' title='bbox 363 3531 546 3597; x_wconf 88' lang='lat' dir='ltr'><strong>intestino</strong></span> <span class='ocrx_word' id='word_1_133' title='bbox 567 3536 671 3598; x_wconf 85' lang='lat' dir='ltr'><strong>recto</strong></span> <span class='ocrx_word' id='word_1_134' title='bbox 696 3538 810 3617; x_wconf 85' lang='lat' dir='ltr'><strong>atque</strong></span> <span class='ocrx_word' id='word_1_135' title='bbox 832 3539 942 3596; x_wconf 84' lang='lat' dir='ltr'><strong>utero</strong></span> <span class='ocrx_word' id='word_1_136' title='bbox 963 3533 1005 3596; x_wconf 89' lang='lat' dir='ltr'><strong>in</strong></span> <span class='ocrx_word' id='word_1_137' title='bbox 1018 3534 1176 3597; x_wconf 80' lang='lat' dir='ltr'><strong>seminis</strong></span> 
     </span>
    </p>
   </div>
   <div class='ocr_carea' id='block_1_14' title="bbox 38 3635 1290 3824">
    <p class='ocr_par' dir='ltr' id='par_1_14' title="bbox 38 3635 1290 3824">
     <span class='ocr_line' id='line_1_27' title="bbox 38 3635 1179 3722; baseline 0 -22"><span class='ocrx_word' id='word_1_138' title='bbox 38 3673 40 3680; x_wconf 94' lang='lat'>·</span> <span class='ocrx_word' id='word_1_139' title='bbox 138 3637 340 3714; x_wconf 75' lang='lat' dir='ltr'><strong>adhaeret,</strong></span> <span class='ocrx_word' id='word_1_140' title='bbox 353 3655 525 3722; x_wconf 80' lang='lat' dir='ltr'><strong>concava</strong></span> <span class='ocrx_word' id='word_1_141' title='bbox 547 3640 584 3698; x_wconf 87' lang='lat' dir='ltr'><strong>et</strong></span> <span class='ocrx_word' id='word_1_142' title='bbox 605 3655 733 3700; x_wconf 78' lang='lat' dir='ltr'><strong>serora</strong></span> <span class='ocrx_word' id='word_1_143' title='bbox 745 3635 946 3719; x_wconf 84' lang='lat' dir='ltr'><strong>superficie</strong></span> <span class='ocrx_word' id='word_1_144' title='bbox 960 3635 1179 3702; x_wconf 88' lang='lat' dir='ltr'><strong>abdominis</strong></span> 
     </span>
     <span class='ocr_line' id='line_1_28' title="bbox 139 3737 1290 3824; baseline -0.001 -21"><span class='ocrx_word' id='word_1_145' title='bbox 139 3758 281 3804; x_wconf 85' lang='lat' dir='ltr'><strong>cavum</strong></span> <span class='ocrx_word' id='word_1_146' title='bbox 291 3737 533 3823; x_wconf 83' lang='lat' dir='ltr'><strong>respiciente.</strong></span> <span class='ocrx_word' id='word_1_147' title='bbox 544 3737 769 3820; x_wconf 86' lang='lat' dir='ltr'><strong>Reflectitur</strong></span> <span class='ocrx_word' id='word_1_148' title='bbox 786 3739 819 3802; x_wconf 90' lang='lat' dir='ltr'><strong>is</strong></span> <span class='ocrx_word' id='word_1_149' title='bbox 834 3757 982 3805; x_wconf 78' lang='lat' dir='ltr'><strong>ser-osus</strong></span> <span class='ocrx_word' id='word_1_150' title='bbox 995 3759 1123 3805; x_wconf 84' lang='lat' dir='ltr'><strong>saccus</strong></span> <span class='ocrx_word' id='word_1_151' title='bbox 1137 3740 1178 3802; x_wconf 89' lang='lat' dir='ltr'><strong>in</strong></span> <span class='ocrx_word' id='word_1_152' title='bbox 1287 3811 1290 3824; x_wconf 23' lang='grc' dir='ltr'><strong>Ι,</strong></span> 
     </span>
    </p>
   </div>
   <div class='ocr_carea' id='block_1_15' title="bbox 81 3841 1200 4248">
    <p class='ocr_par' dir='ltr' id='par_1_15' title="bbox 81 3841 1200 4248">
     <span class='ocr_line' id='line_1_29' title="bbox 144 3841 1175 3926; baseline 0 -20"><span class='ocrx_word' id='word_1_153' title='bbox 144 3861 283 3906; x_wconf 86' lang='lat' dir='ltr'><strong>cavum</strong></span> <span class='ocrx_word' id='word_1_154' title='bbox 315 3841 534 3906; x_wconf 88' lang='lat' dir='ltr'><strong>abdominis</strong></span> <span class='ocrx_word' id='word_1_155' title='bbox 556 3841 756 3924; x_wconf 86' lang='lat' dir='ltr'><strong>superiore</strong></span> <span class='ocrx_word' id='word_1_156' title='bbox 773 3841 970 3924; x_wconf 80' lang='lat' dir='ltr'><strong>etpostica</strong></span> <span class='ocrx_word' id='word_1_157' title='bbox 988 3848 1121 3926; x_wconf 86' lang='lat' dir='ltr'><strong>parte,</strong></span> <span class='ocrx_word' id='word_1_158' title='bbox 1136 3849 1175 3906; x_wconf 88' lang='lat' dir='ltr'><strong>et</strong></span> 
     </span>
     <span class='ocr_line' id='line_1_30' title="bbox 81 3925 1175 4010; baseline -0.002 -2"><span class='ocrx_word' id='word_1_159' title='bbox 81 3971 83 3978; x_wconf 66' lang='grc'>’</span> <span class='ocrx_word' id='word_1_160' title='bbox 137 3937 321 4008; x_wconf 76' lang='lat' dir='ltr'><strong>adhaeret</strong></span> <span class='ocrx_word' id='word_1_161' title='bbox 350 3945 535 4010; x_wconf 87' lang='lat' dir='ltr'><strong>cellulosa</strong></span> <span class='ocrx_word' id='word_1_162' title='bbox 555 3950 624 4008; x_wconf 86' lang='lat' dir='ltr'><strong>su&#39;a</strong></span> <span class='ocrx_word' id='word_1_163' title='bbox 642 3943 742 4008; x_wconf 87' lang='lat' dir='ltr'><strong>sacia</strong></span> <span class='ocrx_word' id='word_1_164' title='bbox 762 3943 974 4008; x_wconf 87' lang='lat' dir='ltr'><strong>visceribus</strong></span> <span class='ocrx_word' id='word_1_165' title='bbox 999 3925 1175 4008; x_wconf 66' lang='lat' dir='ltr'><strong>abdomi«</strong></span> 
     </span>
     <span class='ocr_line' id='line_1_31' title="bbox 133 4032 1172 4123; baseline -0.002 -11"><span class='ocrx_word' id='word_1_166' title='bbox 133 4047 312 4123; x_wconf 85' lang='lat' dir='ltr'><strong>nalibue,</strong></span> <span class='ocrx_word' id='word_1_167' title='bbox 327 4066 497 4114; x_wconf 85' lang='lat' dir='ltr'><strong>convexa</strong></span> <span class='ocrx_word' id='word_1_168' title='bbox 523 4052 561 4112; x_wconf 91' lang='lat' dir='ltr'><strong>et</strong></span> <span class='ocrx_word' id='word_1_169' title='bbox 581 4067 710 4112; x_wconf 88' lang='lat' dir='ltr'><strong>serosa</strong></span> <span class='ocrx_word' id='word_1_170' title='bbox 730 4047 772 4112; x_wconf 89' lang='lat' dir='ltr'><strong>in</strong></span> <span class='ocrx_word' id='word_1_171' title='bbox 794 4067 930 4111; x_wconf 87' lang='lat' dir='ltr'><strong>cavum</strong></span> <span class='ocrx_word' id='word_1_172' title='bbox 952 4032 1172 4111; x_wconf 76' lang='lat' dir='ltr'><strong>ebdominta</strong></span> 
     </span>
     <span class='ocr_line' id='line_1_32' title="bbox 134 4153 1200 4248; baseline -0.001 -34"><span class='ocrx_word' id='word_1_173' title='bbox 134 4169 328 4218; x_wconf 76' lang='lat' dir='ltr'><strong>conversa.</strong></span> <span class='ocrx_word' id='word_1_174' title='bbox 357 4153 689 4248; x_wconf 82' lang='lat' dir='ltr'><strong>Vasasanguifera</strong></span> <span class='ocrx_word' id='word_1_175' title='bbox 707 4153 925 4236; x_wconf 81' lang='lat' dir='ltr'><strong>peritonaei</strong></span> <span class='ocrx_word' id='word_1_176' title='bbox 948 4169 1200 4238; x_wconf 48' lang='lat' dir='ltr'><strong>sumamma-s</strong></span> 
     </span>
    </p>
   </div>
   <div class='ocr_carea' id='block_1_16' title="bbox 135 4253 1242 4361">
    <p class='ocr_par' dir='ltr' id='par_1_16' title="bbox 135 4253 1242 4361">
     <span class='ocr_line' id='line_1_33' title="bbox 135 4253 1242 4361; baseline -0.005 -34"><span class='ocrx_word' id='word_1_177' title='bbox 135 4253 196 4327; x_wconf 76' lang='lat' dir='ltr'><strong>sia</strong></span> <span class='ocrx_word' id='word_1_178' title='bbox 218 4255 373 4338; x_wconf 82' lang='lat' dir='ltr'><strong>interna</strong></span> <span class='ocrx_word' id='word_1_179' title='bbox 394 4256 564 4361; x_wconf 72' lang='lat' dir='ltr'><strong>stuariis</strong></span> <span class='ocrx_word' id='word_1_180' title='bbox 587 4261 719 4325; x_wconf 87' lang='lat' dir='ltr'><strong>aortae</strong></span> <span class='ocrx_word' id='word_1_181' title='bbox 741 4255 1008 4328; x_wconf 81' lang='lat' dir='ltr'><strong>descendentis</strong></span> <span class='ocrx_word' id='word_1_182' title='bbox 1036 4254 1171 4340; x_wconf 81' lang='lat' dir='ltr'><strong>ramis,</strong></span> <span class='ocrx_word' id='word_1_183' title='bbox 1240 4323 1242 4338; x_wconf 75' lang='grc'><strong>,</strong></span> 
     </span>
    </p>
   </div>
   <div class='ocr_carea' id='block_1_17' title="bbox 0 0 1456 5004">
    <p class='ocr_par' dir='ltr' id='par_1_17' title="bbox 0 0 1456 5004">
     <span class='ocr_line' id='line_1_34' title="bbox 0 0 1456 5004; baseline 0 0"><span class='ocrx_word' id='word_1_184' title='bbox 0 0 1456 5004; x_wconf 95' lang='lat' dir='ltr'><strong> </strong></span> 
     </span>
    </p>
   </div>
  </div>
 </body>
</html>
