2922 4996
201 389 204 396 Ι
268 441 327 492 aaa
372 417 734 488 arancarum
753 434 1222 492 taruennnreusrrroue.

347 567 474 650 Hepar
492 566 624 630 avium
653 563 774 629 relate
796 525 846 628 ad
867 585 1001 648 corpus
1023 567 1211 652 majorem
1229 570 1303 635 ha·

265 671 332 738 het
356 671 655 758 amplitudinem
687 669 867 756 quam-in
895 673 1189 752 mammalihus,
1211 673 1305 740 licet

136 837 137 847 ,
267 783 305 842 et
328 775 595 860 respirationis
625 779 832 857 apparatus
859 773 902 837 in
920 774 992 838 hac
1012 775 1130 840 classe
1151 778 1204 842 sit
1225 799 1307 842 am·

265 879 479 963 plissimus.
501 878 660 942 Videtur
683 883 813 950 autem
835 877 961 941 nimia
983 877 1048 940 hic
1069 880 1216 966 requiri
1243 881 1306 945 de·

263 983 577 1068 phlogistisatio,
598 987 642 1046 ut
661 987 815 1058 tantus,
841 1001 914 1068 quo
937 1003 1022 1048 aves
1046 983 1230 1068 gaudent,
1252 985 1306 1050 ir-

266 1089 517 1156 ritabilitatis
552 1091 798 1152 conservatur
835 1085 988 1170 gradus.
1030 1087 1193 1154 Fabrica
1226 1087 1306 1168 sius

267 1192 446 1267 visceris,
469 1190 502 1254 si
523 1189 690 1274 figuram
722 1193 761 1252 et
791 1193 955 1256 colorem
985 1209 1097 1273 saepe
1124 1189 1307 1274 pallidio-

210 1359 212 1366 ,
270 1317 352 1362 rem
381 1282 549 1369 eximas,
579 1291 681 1358 nihil
710 1290 915 1376 peculiaris
953 1293 1120 1359 exhibet·
1160 1291 1307 1358 Ductus

266 1401 467 1484 hepaticus
488 1398 529 1463 in
550 1395 740 1482 plerisque
762 1393 899 1461 avibus
922 1395 1069 1463 duobus
1098 1397 1224 1462 oritur
1244 1417 1308 1463 ra·

263 1503 361 1580 mis,
388 1517 549 1586 quorum
578 1519 674 1562 unus
700 1517 786 1561 cum
817 1498 947 1562 vesica
972 1499 1090 1564 fellea
1115 1497 1322 1564 cohaeret..

222 1641 231 1663 .
265 1605 493 1667 Inserantur
515 1606 643 1664 autem
668 1597 872 1682 hepaticus
893 1605 932 1664 et
960 1598 1123 1680 cysticus
1149 1597 1307 1676 ductus,

265 1699 400 1782 paucis
425 1699 590 1782 exceptis
610 1701 759 1763 casibus
773 1739 783 1774 ‚
796 1699 907 1764 ostiis
932 1697 1130 1764 distinctis
1150 1697 1192 1764 in
1212 1697 1308 1765 duo-

269 1800 421 1865 denum.
456 1801 578 1886 Cystis
605 1803 722 1867 fellea
751 1802 952 1889 obliquum
980 1786 1124 1879 habet,
1142 1802 1308 1886 posteri·

270 1925 337 1969 ora
366 1925 495 1968 versus
524 1907 716 1987 positum
737 1905 885 1990 figurae
917 1913 976 1970 est
1004 1905 1066 1970 vel
1093 1907 1216 1971 ovalis
1244 1907 1309 1971 vel

270 2007 472 2090 globosam
490 2007 747 2090 amplitudine
776 2012 898 2076 relate
927 2010 975 2073 ad
1003 2011 1122 2094 hepar
1143 2011 1305 2096 insigni.

267 2111 384 2184 Deest
405 2109 445 2172 id
477 2114 788 2193 conceptaculum
810 2113 852 2176 in
877 2113 1069 2188 Psittaoo,
1093 2113 1136 2180 in
1164 2115 1308 2178 Cuculo

269 2217 306 2274 et
327 2211 573 2289 struthione3
591 2212 826 2277 desideratur
844 2211 963 2276 etiam
988 2234 1099 2298 saepe
1123 2215 1167 2278 in
1188 2215 1310 2282 Meles

268 2311 422 2398 agritia,
444 2313 486 2377 in
508 2314 686 2380 columba
708 2322 747 2382 et
765 2317 905 2380 Tetrao
924 2315 1088 2381 bonosio
1109 2314 1160 2402 i).

352 2451 563 2536 Reptilium
583 2454 687 2540 jecur
709 2463 791 2521 tam
810 2454 954 2542 grande
984 2459 1070 2531 est,
1095 2461 1139 2522 ut
1157 2443 1317 2523 utrum⁸¹

270 2573 340 2638 que
361 2563 516 2639 occupet
533 2560 867 2644 hypochondrium
883 2579 894 2637 ς
913 2576 1024 2641 saepe
1043 2559 1170 2624 nullos
1188 2560 1309 2625 hahet

267 2657 398 2732 labos,
417 2660 572 2724 unicam
590 2662 778 2726 exhibens
798 2660 1008 2727 indivisam
1032 2681 1222 2741 massam
1243 2679 1306 2726 co-

271 2760 363 2825 loris
386 2767 443 2826 est
461 2761 616 2827 flavalli.
637 2763 781 2828 Du‘ctus
800 2765 998 2848 hepaticus
1023 2769 1062 2828 at
1078 2765 1242 2847 cysticus
1261 2765 1305 2830 in

265 2863 444 2946 plurimis
460 2865 665 2947 reptilibus
695 2864 878 2930 distincto
901 2864 1181 2928 locoduodeno
1203 2865 1305 2929 inse-

266 2974 418 3034 runtur.
455 2970 578 3057 Cystis
598 2972 715 3035 fellea
734 2971 777 3036 in
805 2971 878 3036 hac
899 2971 1018 3036 classe
1041 2970 1183 3034 nullibi
1205 2969 1306 3035 desi·
1334 3025 1339 3038 .

267 3073 442 3151 deretur3
464 3073 624 3138 minoris
647 3079 779 3138 temen
798 3072 1010 3138 voluminis
1032 3091 1147 3156 quam
1168 3071 1210 3136 in
1226 3073 1307 3156 pri·

267 3173 420 3248 oribus,
444 3195 529 3238 cum
558 3177 697 3258 hepate
728 3175 853 3260 magis
884 3173 1116 3254 cohaerens,
1136 3179 1174 3238 et
1204 3174 1307 3262 tigu-⁸

78 3338 79 3348 ,
173 3351 178 3362 ,
268 3293 334 3342 rae
356 3277 479 3346 uvalis
505 3277 673 3368 cernitur
692 3277 754 3364 h).

350 3401 517 3478 Piscium
534 3401 653 3485 hepar
676 3385 838 3486 insignis
860 3407 916 3466 est
937 3401 1051 3465 molis
1064 3397 1305 3477 ,flavidioris

272 3503 378 3567 acin
408 3503 614 3585 reptilibus
647 3503 810 3583 coloris,
839 3503 882 3570 in
908 3504 1016 3568 lobos
1044 3505 1172 3586 plures
1203 3502 1305 3566 divi-

270 3626 375 3679 sum,
397 3608 460 3670 vel
480 3603 596 3670 unam
619 3605 801 3669 exhibens
831 3625 1012 3672 massam.
1043 3605 1308 3690 Parenchyma.

269 3710 396 3774 minus
418 3708 604 3785 densum,
624 3707 765 3790 spiritu
785 3706 870 3772 vini
888 3709 1066 3773 solubile.
1088 3709 1218 3772 Plures
1237 3727 1307 3792 po·

269 3814 466 3878 tissimum
491 3813 630 3886 adsunt
659 3811 794 3875 ductus
807 3849 818 3886 ‚
840 3812 906 3896 qui
935 3833 978 3876 ex
1000 3812 1140 3894 hepate
1163 3809 1211 3874 ad
1239 3829 1306 3896 cy·.

271 3917 411 3981 stidem
438 3917 615 3981 tendunt.
643 3915 775 3979 Vesica
793 3915 909 3980 fellea
936 3917 1089 4000 varium
1112 3916 1232 3990 habet
1263 3915 1307 3980 in

177 4013 186 4028 ⁵
272 4017 433 4084 ‹ilversis
464 4017 661 4104 speciebus
692 4017 893 4099 positum,
928 4023 965 4082 et
996 4019 1093 4084 solet
1120 4013 1307 4101 grandior

272 4145 351 4187 esse
371 4123 412 4188 in
433 4122 602 4206 piscibus
624 4121 789 4184 multum
810 4122 1024 4187 voracibus.
1056 4119 1306 4185 Paucioribus

271 4231 402 4290 tamen
419 4223 584 4310 piscium
602 4221 765 4292 familiis
787 4225 904 4310 cystis
924 4225 1040 4294 fellea
1068 4223 1219 4310 penitus
1241 4220 1306 4287 ‹10-

275 4335 331 4398 est
351 4329 399 4418 1).
1172 4323 1178 4338 ⁸
