2898 4992
288 372 353 446 448
398 366 485 431 Lm·
506 365 535 428 Ι.
556 365 646 429 car.
666 363 725 430 v1.
744 364 1003 430 Dnsoraoorro
1024 379 1255 436 sisennus.

290 517 412 579 tatem
425 509 533 575 cordi
545 509 667 574 inesse
690 508 884 592 duplicem
897 509 1215 585 ,sensibilitatem
1236 519 1275 577 et
1291 515 1345 578 ir·

293 613 573 684 ritabilitatem
598 613 844 696 organicam,
863 613 1038 693 superius
1052 614 1101 694 (§.
1121 619 1217 700 389.)
1241 619 1343 680 dixi.

293 735 378 784 mus
391 759 404 791 ,
417 722 456 780 et
474 715 676 798 attigimus
693 713 810 778 simul
833 728 985 778 causam
998 759 1008 795 ,
1021 735 1118 799 quae
1139 717 1285 796 efficit,
1300 725 1345 784 ut

296 811 421 885 cordis
451 819 722 894 irritabilitas,
756 821 976 883 constanter
1007 823 1158 900 activa,
1186 823 1343 886 adsidue

293 932 547 992 restauretur.
578 924 708 986 Altera
743 926 873 984 autem
896 927 951 984 est
968 923 1164 1005 quaestio,
1188 945 1209 988 a
1239 927 1340 1009 phy-

298 1027 458 1112 siologis
481 1023 597 1088 hodie
621 1023 768 1101 adhuc,
793 1023 893 1107 quod
916 1030 1017 1088 certo
1042 1011 1185 1087 mirum
1207 1033 1262 1092 est
1281 1028 1342 1110 g),

292 1135 464 1218 agitatae
485 1135 615 1192 utrum
637 1147 774 1209 nempe
798 1125 1048 1190 irritabilitas
1072 1128 1215 1209 cordis,
1238 1130 1338 1212 ejus·

294 1258 366 1322 que
388 1231 545 1316 energia
564 1229 700 1294 vitalis
725 1251 746 1292 a
775 1229 908 1292 nervis
936 1228 1146 1312 dependeat
1167 1239 1235 1294 aut
1263 1235 1339 1297 mi⁴

292 1338 392 1408 nus?
421 1335 625 1402 Adducunt
661 1333 925 1416 experimenta
954 1335 1338 1418 etobservationes,

294 1466 390 1534 quae
412 1443 490 1526 jam
509 1459 580 1526 pro
603 1457 681 1502 una
702 1437 781 1517 iam
802 1457 872 1520 pro
895 1437 975 1500 alia
1002 1456 1173 1520 pugnare
1205 1441 1339 1506 viden·

292 1556 357 1632 tur
384 1544 590 1611 sententia.
623 1539 728 1606 Dicit
761 1541 991 1618 Hennam,
1025 1560 1141 1604 nervo
1171 1562 1268 1626 vago
1302 1550 1340 1608 et

297 1648 545 1740 sympathico
558 1646 757 1730 utriusque
780 1644 912 1708 lateris
932 1642 1063 1729 ligatis
1084 1650 1151 1707 aut
1169 1644 1340 1720 resectis,

289 1747 624 1838 animaliaflhaud
653 1746 760 1810 illico
799 1746 953 1826 perire,
994 1763 1124 1808 verum
1162 1747 1339 1828 pluribus

291 1873 405 1939 saepe
432 1857 532 1936 ‘post
578 1847 885 1933 experimentum
926 1849 1061 1912 diebus
1104 1851 1173 1913 sub
1213 1851 1334 1916 variis

292 1949 620 2042 symptomatibus
639 1951 810 2034 primurn
840 1949 1054 2034 exspirare,
1075 1969 1143 2014 nec
1167 1951 1208 2014 in
1231 1955 1340 2018 omni

290 2078 384 2126 casu
425 2053 616 2120 similium
648 2045 909 2136 periculorum
950 2051 1073 2115 cordis
1114 2053 1338 2134 perturbari

169 2217 171 2234 ,
287 2147 475 2236 motum}
500 2173 571 2220 nec
599 2154 770 2219 medulla
804 2151 965 2237 spinuli,
996 2152 1036 2215 in
1060 2173 1207 2217 summo
1240 2155 1339 2220 collo

279 2267 461 2335 mareota,
482 2261 549 2322 aut
575 2258 656 2322 alia
687 2258 839 2321 ratione
866 2257 993 2331 laesa,
1025 2255 1065 2319 in
1103 2257 1340 2323 animalibus

291 2363 427 2450 frigidi
448 2366 486 2426 et
508 2359 626 2425 calidi
647 2360 867 2444 sanguinis,
891 2358 1006 2444 inque
1022 2359 1180 2422 homine
1199 2361 1339 2440 circui·
1431 2391 1432 2426 ;

293 2477 377 2537 tum
391 2462 590 2550 sanguinis
602 2468 828 2554 *constanter
844 2460 960 2538 laedi,
975 2467 1043 2524 aut
1062 2467 1225 2526 mortem
1246 2467 1338 2530 sub·
1431 2453 1432 2473 ¹

294 2579 393 2644 itam
424 2588 574 2651 semper
605 2565 744 2631 adduci
783 2565 846 2648 h).
891 2568 1032 2644 Contra
1071 2584 1159 2627 vero
1198 2567 1337 2634 Thom.

292 2681 460 2744 Wlms!
471 2677 614 2738 resecto
634 2691 751 2735 nervo
773 2688 869 2754 vago
897 2671 1049 2752 pulsum
1073 2670 1196 2736 cordis
1227 2673 1336 2734 debi-

291 2787 368 2852 lem
389 2786 427 2844 et
441 2777 649 2843 tremulum
672 2755 913 2854 observavit,
934 2781 970 2837 et
999 2778 1142 2858 reperit
1162 2778 1203 2840 in
1223 2777 1337 2840 cada·

291 2907 380 2954 vere
399 2879 636 2946 ventriculos
660 2886 697 2944 et
714 2899 805 2942 vasa
829 2897 970 2962 magna
991 2881 1176 2964 sanguine
1196 2901 1333 2962 coagu-

292 2993 374 3059 lato
403 2991 565 3073 repleta·
607 2981 762 3048 Similes
792 2981 1044 3047 observarunt
1074 2983 1152 3068 ejus
1185 2987 1334 3068 experi-

208 3075 212 3094 ⁶
291 3095 417 3163 menti
449 3093 599 3159 effectus
629 3087 758 3152 Rich
775 3087 863 3150 ard
902 3085 1050 3152 Lowaa
1069 3127 1080 3161 ,
1112 3089 1337 3162 Bacnrvus,

293 3205 392 3276 Eue,
421 3195 516 3274 star
542 3200 726 3268 carnae,
757 3193 907 3256 saunas
928 3233 939 3266 ,
964 3191 1219 3270 sorranus,
1239 3194 1335 3258 Βοὴ.

292 3292 836 3378 Bosss,130au1usecplures
870 3293 941 3357 alii
964 3301 1117 3377 pulsum
1139 3295 1264 3361 cordis
1288 3317 1332 3361 eo

292 3406 464 3490 periculo
493 3397 723 3473 debilitari,
753 3396 1081 3462 intermittentem
1113 3398 1246 3473 reddi,
1270 3395 1333 3462 vel

292 3505 480 3573 animalia
519 3503 648 3568 subito
689 3499 831 3583 perimi
864 3499 1113 3590 adverterunt
1149 3503 1199 3585 i).
1244 3503 1336 3567 Erat

189 3596 192 3602 ¹
293 3611 386 3676 dein
421 3609 609 3674 Galeno
640 3603 720 3685 iam
752 3607 908 3678 notum,
936 3603 1073 3669 bovem
1104 3611 1335 3688 compuncta

293 3711 465 3780 medulla
492 3708 541 3773 ad
561 3707 782 3773 vertebram
812 3706 980 3791 primam
1009 3708 1184 3791 protinus
1209 3711 1334 3777 inter·

292 3820 371 3896 ire,
401 3823 439 3880 et
467 3817 644 3897 prostant
677 3810 849 3893 exempla
882 3810 1085 3875 innumera
1115 3813 1334 3880 laesionum

197 4003 202 4016 ι
292 3902 485 3983 medullae
508 3911 811 3997 spinalis,illico
844 3911 1050 3977 lethalium
1070 3913 1128 3996 lc).
1160 3915 1335 4002 Denique

292 4023 444 4086 constat
477 4015 769 4099 experimentis,
800 4035 822 4076 a
844 4013 897 4076 La
924 4016 1103 4080 Gutture
1126 4037 1249 4100 nuper
1269 4015 1332 4080 in·

292 4120 464 4195 stitutis,
492 4117 696 4183 circuitum
725 4116 920 4200 sanguinis
954 4109 1173 4184 constanter
1209 4117 1332 4198 laedi,

289 4223 358 4293 ahi
377 4223 548 4288 medulla
567 4217 726 4304 spinalis
747 4223 940 4303 potentius
964 4221 1131 4286 laeditur
1156 4223 1208 4308 1).

1275 4351 1329 4468 Ea
