2922 4996
160 416 271 482 Sncr.
284 411 331 479 11.
342 409 402 476 Dr
417 419 539 474 curor
555 417 734 468 ronusr.
746 401 774 468 l.
789 415 948 470 rnrnsr.
959 361 1109 508 runos..
1121 419 1163 490 97

222 553 255 626 b)
275 545 540 613 unuvutsuusr
559 543 709 616 Bielopie.
733 543 784 602 lv.
802 561 833 620 p.
848 547 912 614 45⁰·

153 728 164 740 .
218 683 243 756 s)
261 669 536 738 succursurum
555 675 576 730 ι.
596 691 624 736 a.
644 673 696 738 vt.
716 675 744 750 c.
762 688 829 777 ..7.

563 855 591 928 ς.
635 843 710 918 286.

119 1030 272 1108 Necti
299 1041 347 1103 et
367 1055 486 1104 vass
509 1034 759 1100 intestini
781 1040 960 1106 tenuis·
981 1043 1164 1113 Humor

431 1151 439 1164 ·
498 1137 783 1206 antoricus.

202 1311 284 1376 Non
306 1303 463 1395 quidem
486 1307 641 1392 magni,
663 1305 732 1380 secl
749 1309 948 1376 numerosi
979 1309 1166 1382 intestino

122 1417 235 1486 tenui
263 1403 354 1478 sunt
382 1409 522 1486 nervi,
544 1411 701 1496 planum
729 1415 1027 1480 mesentericum
1059 1437 1168 1502 supe·

123 1528 268 1593 riorern
295 1527 334 1586 et
353 1521 579 1588 inferiorem
602 1515 837 1594 efficientes,
860 1520 978 1608 inque
1000 1523 1169 1592 coeliaco

124 1634 242 1716 plexu
275 1635 540 1696 concurrentes
564 1623 616 1707 (ς.
640 1637 709 1700 180.
730 1649 768 1694 u.
795 1631 968 1718 1.n.3.).
1001 1631 1171 1718 Cingunt

127 1733 197 1800 isti
225 1733 373 1798 retibus
393 1733 471 1796 suis
499 1729 661 1796 arterias
693 1730 950 1816 praeprimis,
975 1751 1062 1798 cum
1084 1735 1171 1824 qui·

127 1839 200 1904 bus
221 1837 397 1900 tunicam
431 1836 670 1900 vasculosam
696 1839 734 1900 et
760 1833 942 1902 villosam
964 1839 1170 1924 praecipue

128 1942 294 2016 adeunt,
318 1941 493 2028 ipsosque
515 1939 634 2003 etiem
653 1939 792 2020 villos,
813 1945 859 2004 ut
876 1941 1080 2024 probabile
1101 1949 1171 2020 est,

126 2051 296 2114 formare
320 2045 518 2130 adjuvant.
541 2041 640 2126 Quia
660 2063 751 2108 varo
776 2043 911 2128 plexus
939 2043 1059 2110 iidem
1082 2067 1172 2114 con»

129 2151 333 2218 ductorum
355 2165 562 2215 nervorum
585 2166 654 2231 ops
672 2165 758 2210 cum
779 2149 989 2230 encephalo
1007 2149 1173 2238 jungun-

127 2252 266 2338 tur·(§.
294 2254 397 2338 181.),
421 2271 507 2316 acer
527 2257 585 2316 est
606 2251 816 2326 intestino,
841 2251 1006 2318 intimae
1026 2257 1174 2340 praeci·

23 2425 24 2438 ,
129 2379 202 2444 pue
227 2357 499 2430 membranae,
522 2373 677 2432 sensus,
700 2359 785 2418 tum
810 2357 872 2420 vel
894 2357 1081 2438 maxime,
1105 2359 1174 2426 ubi

23 2455 25 2509 ἶ
130 2464 306 2528 insuetus
327 2459 531 2524 accesserit
551 2457 758 2540 stimulus,
779 2459 842 2526 vel
863 2460 931 2526 ubi
951 2460 1175 2530 inflamma·

24 2561 25 2576 ¹
129 2567 191 2633 tio
212 2565 385 2630 adfuerit
408 2567 464 2654 ‘).

214 2730 388 2797 Arteriace
405 2726 587 2793 intestini
610 2727 736 2794 tenuis
755 2725 925 2812 copiosae
941 2729 1092 2818 largum
1113 2733 1180 2798 ed·

133 2835 279 2902 ducunt
308 2853 377 2918 pro
409 2833 625 2898 nutritione
646 2841 684 2898 et
706 2835 917 2900 secretione
939 2837 1180 2920 sanguinem.

135 2941 240 3024 Quae
258 2937 306 3002 ed
328 2935 548 3004 duodenum
572 2943 760 3022 pergunt,
782 2935 883 3002 rami
904 2943 993 3002 sunt
1017 2945 1089 3004 art.
1111 2939 1180 3004 he·

137 3039 289 3124 paticae
321 3045 359 3104 et
384 3041 658 3104 manentericae
686 3039 918 3122 superioris;
941 3041 1092 3128 reliqua
1113 3039 1181 3106 aul·

138 3148 217 3206 tem
241 3143 419 3208 intestini
450 3143 577 3208 tenuis
599 3162 687 3226 pars
714 3159 841 3208 ramos
872 3145 1016 3226 accipit
1043 3147 1091 3209 ab
1119 3165 1181 3210 ar·

136 3249 238 3312 teria
259 3243 523 3318 mesenterica.
547 3243 735 3310 Reticulis
755 3245 907 3310 nerveis
928 3247 1099 3321 cinctae,
1120 3247 1182 3313 in·
1281 3279 1286 3286 ‚

138 3356 196 3414 ter
225 3347 448 3412 mesenterii
470 3347 636 3413 laminas
658 3368 883 3432 suspensae,
906 3351 1013 3415 inter
1033 3373 1072 3416 se
1096 3349 1183 3432 jun·

141 3459 301 3541 guntur,
326 3459 364 3516 et
387 3449 596 3524 affor-mant
616 3473 724 3518 arcus
745 3455 977 3536 peculiares,
1001 3477 1020 3518 e
1042 3455 1183 3539 quibus

141 3560 210 3622 sub
233 3552 471 3620 anastomosi
490 3555 691 3642 frequente
712 3575 819 3620 arcus
842 3555 986 3620 iterum
1006 3543 1186 3624 oriuntur

142 3656 299 3726 secundi
323 3663 360 3720 et
379 3655 489 3720 tertii
518 3656 687 3740 ordinis,
714 3679 885 3722 convexa
907 3659 1014 3762 facie
1029 3659 1187 3754 intestiff
1261 3679 1264 3688 ·

79 3766 82 3784 ”
140 3779 236 3848 num
257 3757 518 3842 respicientes.
551 3759 759 3826 Penetrunt
790 3761 892 3826 rami
923 3781 1081 3826 arcuum
1111 3757 1187 3828 mi'·

143 3867 337 3931 nimorum
357 3903 368 3938 ,
391 3861 568 3947 opposita
599 3861 812 3928 directione
840 3862 1070 3928 intestinum
1104 3885 1186 3928 am·

45 4035 46 4040 ,
141 3959 371 4055 plectentes,
393 3973 431 4031 et
451 3966 673 4052 frequentes
698 3957 822 4029 adhue
844 3971 1103 4028 anastomoses
1126 3965 1186 4028 in-

105 4115 109 4133 ,
145 4077 301 4146 euntes,
324 4071 425 4152 ipsas
454 4067 638 4135 intestini
664 4069 816 4132 tunicas
845 4067 1006 4152 obliqua
1028 4061 1194 4132 directi«

47 4157 51 4266 ἶ
146 4195 236 4253 ouer
259 4179 403 4242 abeunt
432 4175 546 4240 modo
577 4173 618 4238 in
649 4174 821 4237 surculos
851 4171 1100 4247 subtiliores,
1124 4177 1186 4236 tu-

49 4319 51 4350 ·
146 4284 255 4347 nicae
277 4279 491 4346 musculari
514 4287 552 4341 et
573 4277 796 4340 vasculosae
819 4273 1042 4358 pauciores,
1065 4275 1190 4360 pluri-2

50 4351 55 4626 X
103 4495 106 4504 Ι
185 4393 423 4471 Ltuuossiu
443 4399 615 4489 Physiol.
635 4395 734 4466 med.
755 4393 838 4467 Vol.
854 4396 920 4465 111.
987 4397 1020 4461 G

54 4635 63 4965 l
