2694 4990
284 377 351 448 ico
402 349 1214 436 crs-,corev1.orerreszwssseums.

290 531 380 598 mox
421 511 593 584 dicetur,
621 525 750 572 crassa
778 511 816 572 et
841 505 883 572 in
918 507 1094 572 valvulas
1125 509 1290 593 products,

290 614 402 696 previ
439 620 477 678 et
506 609 646 676 subtili
684 607 865 674 cellulosa
892 610 971 674 tels
1002 610 1127 676 cordis
1155 591 1293 676 eoliaeret

292 715 545 786 substantiae.
576 711 666 778 Istis
697 711 933 776 membranis
955 717 1076 776 strata
1102 712 1295 790 interiacent

290 827 478 892 fibrarum
508 821 785 886 museulerium
822 823 1057 903 rubrerum,
1080 839 1175 910 quae
1205 843 1296 886 cresse

289 935 381 994 sunt
403 927 444 991 in
465 923 692 990 ventriculis
718 931 755 989 et
782 925 906 990 multo
926 929 1109 992 tenuiora
1134 925 1174 990 in
1193 927 1295 1002 striis,

289 1035 334 1094 ut
357 1030 450 1094 adeo
483 1027 735 1094 manifestum
763 1031 843 1104 sit,
873 1031 997 1096 cordis
1027 1031 1214 1096 fabricam
1237 1051 1296 1093 cum

288 1155 467 1201 vasorum
487 1133 795 1218 sanguilerorum
816 1134 966 1198 fabrica
985 1137 1140 1218 penitus
1171 1153 1295 1218 congru·

288 1255 350 1306 ero
364 1237 488 1322 (coni.
500 1244 548 1314 §5-
564 1249 633 1319 153·
659 1237 769 1320 159.),
785 1255 969 1302 venosam
986 1237 1161 1302 indolem
1179 1231 1217 1300 in
1232 1235 1297 1298 etri·

289 1340 353 1414 is,
386 1346 501 1426 etque
539 1335 768 1402 arteriosam
797 1338 838 1402 in
874 1340 1104 1406 ventriculis
1137 1361 1211 1405 esse
1236 1359 1296 1422 per·

286 1443 565 1515 lectissimam,
587 1439 733 1524 hasque
753 1439 876 1504 cordis
894 1447 1026 1523 partes
1056 1445 1220 1504 maxime
1238 1458 1297 1504 evo·

289 1539 373 1608 luta
387 1543 586 1628 utriusque
606 1541 829 1626 systematis
857 1542 1088 1607 constituere
1108 1547 1240 1606 centra.

371 1709 536 1774 Interior
561 1714 690 1772 autem
718 1705 841 1772 cordis
864 1707 1034 1786 fabrica,
1059 1712 1109 1775 ad
1128 1711 1222 1796 leges
1244 1728 1297 1772 ma·

227 1849 229 1854 ·
289 1811 426 1878 chinae
453 1811 709 1896 hydraulicas
737 1809 838 1874 mira
862 1811 1015 1876 ratione
1041 1819 1209 1886 structe,
1232 1828 1297 1893 que·

286 1922 377 1982 tuor
398 1911 554 1978 exhibet
575 1931 710 1976 caveas
723 1955 733 1990 ,
759 1931 921 1997 quarum
940 1913 1056 1978 binae
1074 1935 1120 1979 ac
1143 1915 1244 1980 binae
1259 1911 1297 1972 ir·
1329 1913 1330 1938 ¹

285 2020 410 2098 vicem
441 2013 749 2090 communicant,
782 2016 984 2102 ipsumque
1018 2035 1108 2095 cor,
1129 2023 1231 2101 septo
1256 2015 1297 2075 ina

284 2121 522 2195 tercedents,
546 2117 686 2202 duplex
707 2117 905 2194 efficiunt,
926 2119 1074 2203 duplici
1092 2122 1159 2186 illi
1177 2115 1297 2199 sangui·

284 2227 346 2292 nis
357 2223 510 2289 ‘circulo
535 2221 588 2302 (i.
610 2231 683 2304 385.
694 2231 730 2304 >s
754 2224 820 2306 qui
850 2229 1023 2287 centrum
1044 2224 1168 2287 habet
1184 2222 1222 2284 iu
1236 2217 1297 2302 pul·

204 2355 208 2375 ,
283 2323 486 2407 monibus,
508 2325 751 2408 respondens.
785 2323 935 2407 Excipit
965 2331 1004 2389 et
1033 2325 1218 2409 propellit
1236 2339 1296 2384 sas·

282 2434 440 2518 guinem
461 2436 590 2494 atrum
612 2449 690 2492 cor
714 2427 803 2493 dex
816 2436 960 2504 trum,
980 2434 1018 2493 et
1037 2431 1207 2512 praestat
1223 2423 1297 2488 idem

283 2553 420 2599 munus
442 2535 557 2598 rubro
581 2531 761 2617 sanguini
782 2553 863 2596 cor
884 2531 1178 2596 sinistrum.
1200 2523 1295 2610 Quod·

283 2639 342 2706 vis
367 2659 456 2701 vero
479 2654 542 2700 cer
561 2635 677 2700 sinu
702 2635 853 2699 constat
882 2655 947 2698 seu
977 2639 1025 2698 at
1039 2634 1143 2714 rio,
1162 2629 1296 2695 dilatata

286 2740 429 2824 quippe
457 2756 600 2801 venosa
633 2736 863 2821 appendice,
886 2733 1008 2800 cordis
1029 2735 1114 2798 hesi
1135 2733 1252 2798 adfixa
1270 2727 1297 2788 ei

278 2835 603 2918 uentriculo,
623 2843 691 2928 qui
714 2841 870 2925 proprie
901 2837 1026 2904 cordis
1052 2838 1216 2904 edicitur
1232 2829 1296 2898 sub·

282 2947 440 3012 stantia.
465 2947 643 3029 Singulae
664 2945 737 3009 hae
764 2952 915 3036 partes,
935 2943 1156 3010 arctissime
1183 2944 1295 3020 cetero·
1331 2969 1332 2972 κ

285 3054 378 3139 quin
401 3052 665 3133 cohaerentes,
679 3047 844 3124 ‚lustrari
862 3051 942 3131 jam
961 3065 1062 3116 nune
1081 3049 1228 3126 debent·

507 3237 533 3298 1.
552 3239 675 3296 dinus
692 3255 882 3296 venarum
902 3253 1100 3293 cavarum.

365 3404 569 3476 Formstur
603 3409 708 3473 sinus
738 3409 812 3473 iste
851 3405 1115 3490 (auricula
1145 3401 1293 3470 dextre

284 3515 324 3602 ⁸)
348 3509 536 3578 atrium
561 3505 782 3578 dextrum
805 3509 1124 3592 senterius),
1146 3509 1292 3574 dumea

280 3639 332 3682 na
353 3637 446 3681 cava
473 3611 647 3706 superior
677 3625 791 3702 atque
822 3616 987 3682 inferior
1019 3617 1132 3708 intra,
1153 3610 1290 3698 perient·

234 3777 237 3782 .
279 3719 388 3789 dium
425 3719 591 3795 coeunt,
624 3719 739 3804 inque
768 3719 1109 3802 conceptaculum,
1130 3714 1293 3798 ellipticee

278 3827 358 3891 fere
400 3822 547 3906 figurae
586 3820 825 3904 ampliantur
847 3826 924 3910 u),
967 3823 1181 3889 Collocutur
1207 3810 1293 3880 issi·

278 3945 349 3991 nus
373 3924 420 3990 ad
444 3919 616 3988 dextram
649 3925 769 4006 magis
792 3931 830 3989 et
857 3923 1092 3990 anteriorem
1120 3923 1201 3988 cavi
1226 3917 1293 3980 tho*

277 4027 377 4096 racis
398 4034 548 4124 partem
576 4045 705 4090 versus
735 4025 910 4092 dextrum
941 4027 1062 4092 sterni
1086 4024 1291 4108 marginem,

280 4135 390 4214 parte
424 4151 494 4195 sua
532 4127 717 4194 inferiore
752 4127 1041 4214 diaphragmati
1075 4125 1292 4192 incumbens»

282 4239 503 4304 antrorsum
534 4240 572 4300 et
600 4233 867 4301 sinistrorsum
896 4233 938 4299 in
973 4253 1106 4302 aurem
1136 4229 1289 4297 desinens·
