2912 5000
284 423 357 500 ,384
410 411 497 480 er.
515 411 544 478 Ι.
563 409 650 478 Car.
672 404 729 476 IV.
748 413 806 476 Da
831 423 987 476 stenar.
1011 425 1061 477 er
1082 379 1251 480 exram-2

378 539 553 638 iunctum
590 557 651 642 g),
679 553 848 618 Solvitur
874 550 916 616 id
945 549 1099 618 acidum
1131 551 1347 620 difficulter

377 660 419 724 in
440 674 542 744 aqua
554 658 692 736 ,facile
712 659 753 721 in
774 657 913 723 lixivio
937 659 1129 734 caustico}
1152 661 1348 744 crystalli-

381 765 489 826 satur
519 753 657 835 facile,
685 765 724 822 et
753 762 885 825 avolat
905 777 973 841 pro
1004 757 1178 842 partein
1204 759 1348 823 altiore

380 869 672 948 temperaturag
701 863 868 927 solvitur
899 863 1019 926 etiam
1056 862 1164 926 acido
1197 862 1343 926 uitrico

288 1014 293 1024 1
381 969 508 1031 calore
533 965 762 1045 accedente,
787 967 966 1052 sistitque
993 969 1076 1030 tum
1108 960 1347 1030 solutionem

291 1103 294 1110 ·
378 1069 564 1144 rubram,
585 1087 679 1154 quae
706 1068 905 1152 crystallos
937 1067 1253 1132 format'similis
1283 1087 1347 1131 co-

381 1159 488 1240 loris.
512 1173 631 1253 Copia
648 1171 761 1249 huius
783 1169 885 1234 acidi
909 1170 1076 1235 multum
1098 1172 1249 1248 veriat3
1276 1170 1338 1232 in-

293 1311 295 1317 ·
381 1281 439 1338 est
473 1275 678 1357 praecipue
710 1272 865 1335 calculis
895 1275 1045 1336 vesicae
1072 1277 1110 1336 et
1140 1272 1340 1356 tophaceis

378 1377 676 1441 arthriticorum
699 1375 868 1440 nodulis.
900 1377 942 1440 In
961 1376 1078 1438 urina
1100 1393 1254 1449 eorum,
1273 1376 1343 1460 qui

376 1480 590 1562 scrophulis
612 1475 795 1543 laborant
818 1479 881 1540 vel
901 1476 1119 1542 adfectione
1148 1477 1343 1541 vermino-

380 1603 443 1660 sa,
462 1589 506 1646 ut
524 1579 744 1647 Ganarnnn
766 1579 957 1656 advertit,
976 1579 1042 1644 vix
1061 1580 1268 1663 vestigium
1300 1580 1346 1644 da
1438 1559 1439 1654 J

380 1684 490 1750 acido
513 1687 620 1750 urico
643 1686 834 1766 reperitur
864 1686 926 1770 h).
957 1684 1000 1746 In
1020 1682 1194 1747 febribus
1222 1681 1346 1748 inter·

377 1788 653 1864 mittentibus,
686 1789 728 1850 in
758 1788 911 1870 hepatis
940 1787 1146 1870 praecipue
1176 1788 1345 1865 morbis,

377 1887 574 1973 copiosum
606 1909 716 1972 saepe
754 1889 959 1973 deponitur
990 1887 1251 1952 sedimentum
1284 1889 1343 1951 la·
1438 1887 1439 1956 ξ

378 1992 506 2074 teritii
526 1992 692 2072 coloris,
717 1991 814 2078 quod
842 1991 950 2057 acido
970 1987 1111 2055 lithioo
1133 1997 1172 2054 st
1194 2009 1343 2055 ammo·
1438 2047 1439 2060 ,

378 2097 446 2162 nio
471 2101 622 2162 constat
644 2095 694 2183 i).
1133 2083 1136 2098 ⁴

377 2261 421 2342 4)
443 2260 547 2324 Inest
570 2260 706 2324 urinae
726 2234 970 2342 sulphur:
987 2259 1144 2324 ¹⁴etenim
1166 2278 1256 2324 vass
1279 2280 1343 2323 ar·
1438 2239 1439 2242 Ἴ

295 2370 432 2450 genteo
451 2370 559 2430 cocta
576 2367 797 2449 squamulae
821 2366 965 2430 format
995 2370 1152 2450 argento
1182 2365 1344 2447 sulphu-

173 2475 174 2480 ’
293 2473 379 2534 rato
397 2471 635 2542 constantes,
656 2474 694 2530 et
713 2487 895 2550 vapores,
917 2468 982 2552 qui
1015 2489 1033 2530 e
1054 2462 1153 2530 lotio
1184 2465 1345 2548 putrido

295 2571 548 2646 evolvuntur,
567 2567 771 2653 plumbum
791 2570 979 2651 aceticum
1000 2569 1112 2654 nigro
1134 2568 1345 2651 inquinant

296 2673 425 2750 colore
452 2672 515 2758 k),
1219 2679 1225 2688 “

381 2837 420 2924 5)
442 2835 650 2902 Peculiaris
684 2837 800 2921 plane
831 2835 888 2900 est
920 2836 1128 2916 materies,
1165 2859 1185 2902 e
1220 2837 1343 2904 variis

295 2941 431 3007 urinae
449 2931 678 3006 substantiis
698 2930 913 3024 composita
925 2941 1096 3026 ,ipsique
1118 2942 1217 3006 lotio
1233 2959 1344 3007 suam

294 3039 472 3111 tribuens
509 3045 703 3120 indolem,
740 3063 855 3130 quam
887 3045 1209 3130 principium
1240 3045 1343 3109 uri·
1438 3033 1439 3072 l

296 3169 401 3214 cum
421 3149 567 3214 dicunt.
602 3150 809 3212 Obtinetur
831 3147 872 3212 id
892 3148 1153 3232 principium,
1172 3150 1241 3214 ubi
1261 3149 1344 3214 uri-

281 3272 348 3316 ·na
367 3254 447 3316 leni
468 3254 592 3318 calore
611 3251 821 3334 inspissata
841 3251 1162 3336 crystallisationi
1183 3249 1342 3344 exponi·
1438 3283 1439 3324 γ

296 3355 385 3434 tur3
405 3359 570 3422 solvitur
589 3376 715 3422 massa
741 3355 1001 3440 crystallisata
1028 3351 1203 3422 alcohole
1233 3356 1343 3432 vini,

298 3474 373 3544 quo
398 3461 572 3526 tinctura
606 3462 804 3528 obtinetur
841 3461 1097 3538 brunescens,
1129 3482 1223 3548 quae
1258 3461 1342 3524 leni
1438 3495 1439 3506 2

297 3563 517 3628 destillatur'
537 3563 645 3646 igne:
668 3561 775 3629 omni
796 3582 896 3629 nunc
919 3565 1090 3629 detracto
1119 3565 1204 3630 vini
1225 3563 1342 3648 spiri-

297 3669 341 3728 tu
354 3707 364 3742 ,
386 3665 536 3729 uricum
559 3674 753 3745 remanet,
776 3667 872 3752 quod
895 3668 1167 3750 refrigeratum
1194 3667 1344 3732 tabulis

297 3763 519 3855 quadratis,
547 3789 585 3833 se
616 3778 749 3834 mutuo
783 3773 1073 3837 decussantibus
1104 3763 1344 3856 crystallina·
1438 3789 1439 3794 ’

295 3873 373 3936 tur.
397 3874 563 3936 Docente
586 3877 890 3936 cnorasnannro
917 3875 1048 3938 eadem
1070 3873 1227 3940 urinosa
1249 3875 1343 3938 sub·

298 3975 445 4039 stantia
465 3975 768 4058 praecipitatur,
796 3977 864 4040 ubi
896 3975 995 4044 lotio
1023 3976 1202 4042 taninum
1232 3977 1344 4041 addi-

295 4084 371 4143 tur.
391 4081 484 4143 Sunt
499 4081 573 4142 hae
592 4079 766 4163 crystalli
786 4081 1032 4160 albo-flavjdi
1051 4075 1188 4146 coloris
1195 4083 1344 4164 ,splen-

294 4183 619 4275 dentesniscosae,
628 4183 763 4248 allium
776 4186 1006 4264 redolentes,
1019 4194 1058 4249 et
1069 4187 1168 4252 acris
1181 4190 1344 4270 saporis3

295 4285 481 4358 diffluunt
502 4289 583 4355 ue'ri
609 4289 804 4374 expositae
830 4291 872 4356 ln
903 4298 1101 4367 tenacem,
1130 4293 1344 4356 foetentem

1306 4395 1345 4454 et
