2922 4996
259 381 320 455 194
362 366 490 434 Luat
505 369 597 436 car.
617 363 1219 476 ILDzssr'rusrsr.ursesrron,

328 513 538 606 ‹Pauciores
571 507 726 594 quidem
758 508 824 572 hic
852 503 1149 608 adfun'duntur',
1181 531 1300 597 quam

96 617 105 642 '
164 599 166 604 ¹
255 615 298 680 in
319 613 538 686 ventriculo
563 619 601 674 et
620 612 729 680 tenui
757 611 945 674 intestino
967 611 1068 694 apud
1097 613 1299 678 hominem

253 720 454 782 humores:
474 733 606 778 mucus
630 721 768 797 nempe
790 713 905 778 crassi
929 713 1131 794 intestini,
1154 735 1301 802 appen-

170 841 181 872 ·-
221 801 226 806 ’
256 821 353 883 dicis
383 817 587 902 praecipue
616 815 902 888 vermiformis‚
924 820 960 878 et
988 816 1129 880 humor
1157 819 1301 886 anteri·

253 945 317 990 cus
338 923 387 1005 (§.
409 925 519 1004 286.);
541 921 618 1005 ipsi
637 926 837 1038 praeterea
860 919 1059 994 humores,
1081 921 1207 1006 quiin
1234 945 1297 988 ca.

137 1064 142 1072 ·
251 1049 300 1092 vo
329 1024 481 1111 oris(§.
502 1027 622 1111 272·‚)
647 1021 688 1086 in
708 1021 1002 1110 ventriculo(§.
1030 1027 1154 1110 2'8·.,2)
1179 1026 1296 1111 inque
1384 1065 1388 1071 .

222 1133 362 1198 ‘tenui
393 1133 580 1198 intestino
604 1127 664 1212 (ς.
687 1131 765 1211 306.
780 1125 798 1210 )
832 1127 990 1192 admisti
1020 1131 1203 1208 fuerunt,
1227 1151 1298 1222 per

252 1239 468 1322 longiorem
488 1256 589 1301 nunc
611 1232 869 1299 contactum
858 1253 899 1295 1n
928 1253 967 1295 se
989 1237 1123 1312 mutuo
1151 1243 1295 1318 agunt,

249 1359 363 1428 seque
383 1347 517 1406 mutuo
543 1338 846 1419 decomponunt‚
874 1351 946 1419 quo
967 1333 1058 1396 bilis
1082 1355 1197 1416 porro
1220 1338 1297 1401 im-

248 1451 446 1540 mutatur?
480 1445 721 1530 ingestorum
749 1439 888 1504 crudas
928 1441 1141 1522 particulae
1174 1443 1297 1506 resol-

248 1555 413 1624 vuntur,
439 1549 642 1632 omnisque
668 1545 816 1608 alibilis
835 1545 1076 1625 substantia,
1096 1546 1210 1609 modo
1234 1549 1296 1612 ni-

197 1639 214 1728 ,¹
247 1655 329 1718 mia
348 1652 513 1725 nonsit,
537 1657 574 1713 et
594 1629 751 1736 ¹viribus
782 1647 1043 1730 digerentibus
1072 1650 1294 1736 adcommo-

147 1775 150 1780 ’
248 1754 366 1832 data,
389 1770 410 1816 'e
436 1754 575 1840 chymo
601 1771 641 1812 se
672 1756 829 1826 aratur,
850 1755 887 1813 et
912 1751 955 1814 iu
985 1735 1146 1837 oliylum
1172 1755 1292 1819 verti·

246 1865 326 1924 tur.
349 1857 413 1921 Est
435 1858 566 1941 itaque
583 1769 762 1926 incisum
785 1855 886 1918 caeci
916 1853 1018 1922 actio
1039 1845 1180 1924 similis
1202 1883 1293 1926 ven·

152 2023 155 2031 .
249 1962 386 2028 triculi
408 1960 572 2037 actioni,
595 1955 696 2045 quod
717 1931 875 2042 quidem·
894 1976 961 2042 per
993 1947 1121 2070 pluies
1151 1963 1293 2030 confir·
1303 1989 1309 2010 ·

247 2071 376 2128 matur
396 2061 697 2126 observationes.
733 2063 861 2143 Ipsum
884 2063 986 2129 enim
1009 2087 1163 2133 caecum
1192 2070 1293 2134 inte·
1349 2129 1356 2136 .

244 2169 391 2232 atinum
406 2173 442 2230 et
462 2165 573 2230 colon
594 2165 758 2248 copiosis
771 2166 941 2249 gaudent
956 2173 1062 2236 vasis
1082 2175 1294 2242 absorben-

246 2259 373 2345 tibus,
396 2276 510 2355 atque
532 2269 750 2366 glandulis,
772 2271 967 2354 copiosum
997 2275 1197 2344 humorem¹
1209 2323 1221 2358 ,
1248 2289 1293 2346 ut

245 2374 388 2440 Hom
388 2381 518 2456 expert
521 2395 563 2438 us
587 2379 664 2450 est,
684 2377 769 2436 tum
791 2378 1102 2458 secernantibus,
1121 2383 1188 2447 ubi
1208 2404 1293 2450 ma·

245 2479 346 2542 teria
363 2479 484 2542 cruda
504 2485 541 2542 et
564 2476 685 2561 magis
705 2473 908 2540 differente
932 2483 1230 2551 exstimulantur
1244 2491 1293 2572 l).
1379 2539 1404 2548 ..

245 2579 319 2648 Lac
349 2571 568 2664 praeterea,
592 2576 730 2664 quod
720 2599 760 2640 m
790 2580 1007 2652 ventriculo
1042 2589 1292 2670 coagulatur,

165 2713 168 2720 ·
246 2683 426 2767 cuiusque
448 2701 601 2746 caseosa
621 2685 658 2744 et
678 2679 805 2744 oleosa
832 2701 921 2763 pars
947 2684 988 2748 in
1009 2706 1162 2754 mucum
1181 2698 1293 2756 tena-

240 2789 326 2852 ceni
348 2787 536 2860 vertitur,
557 2784 598 2846 in
621 2803 744 2846 crasso
774 2775 965 2849 intestino
993 2788 1104 2869 plene
1124 2788 1286 2882 resolvi-

244 2895 331 2964 tur,
353 2907 494 2975 suaque
515 2891 677 2960 natura,
699 2885 980 2951 Trevirano
1012 2895 1204 2972 testante,
1229 2898 1289 2962 ita
1391 2881 1394 2888 Ι

150 3058 153 3068 ,
244 2997 418 3058 mutatur
430 3033 440 3065 ,
463 2997 506 3053 ut
523 2987 632 3052 nulla
652 2985 791 3068 prodat
812 2976 914 3052 acidi
936 2989 1083 3056 indicia
1095 3039 1107 3073 ,
1125 2995 1205 3060 imo
1229 2999 1288 3062 al·

146 3183 150 3189 Ι
244 3081 414 3162 calin'am
449 3115 564 3178 saepe
591 3091 730 3156 induat
765 3092 1017 3177 qualitatem
1028 3099 1102 3185 “).
1147 3103 1290 3189 Magna

244 3201 365 3266 etiam
388 3197 494 3282 viget
525 3197 627 3260 inter
651 3193 1156 3280 ventriculum3etmaecum
1187 3207 1290 3273 inte·

242 3306 392 3369 atinum
415 3301 515 3384 apud
538 3299 725 3364 nonnulla
747 3297 937 3360 animalia
955 3300 1196 3388 similitudo,
1227 3333 1290 3376 cu-

244 3408 302 3491 jus
333 3408 549 3488 exemplum
581 3401 815 3468 Rhinoceros
855 3404 1047 3470 Asiaticus
1083 3413 1290 3494 perhibet,

178 3549 181 3558 ι
243 3507 486 3592 amplissimo
513 3505 682 3592 gaudens
713 3517 822 3568 caeco
855 3503 1094 3606 intestinos
1073 3517 1133 3598 a.)
1164 3516 1284 3591 Doni.

243 3629 317 3696 que
344 3613 486 3674 dantur
514 3605 705 3672 animalia
734 3604 929 3687 plurima,
959 3629 1046 3674 aves
1079 3619 1285 3702 praecipue

198 3741 215 3766 0
242 3711 495 3800 granivorae,
518 3729 624 3794 quae
647 3717 762 3770 caeca
792 3705 939 3771 habent
969 3713 1107 3792 plura,
1133 3717 1286 3802 largum

241 3818 445 3882 humorem
483 3811 750 3906 secerneptia'‚
780 3813 950 3874 resoluta
991 3820 1029 3876 et
1064 3817 1286 3889 faeculenta

241 3919 403 3988 materie
422 3921 632 4005 plurimum
649 3917 797 4000 repleta
809 3939 819 3994 ς
831 3923 867 3982 et
887 3921 970 4000 ipsa
988 3923 1104 3986 etiam
1126 3927 1284 4006 insecta,
1368 3953 1374 3960 ·

242 4025 512 4110 glandulosum
541 4021 770 4104 possident,
803 4020 928 4084 nimia
966 4024 1142 4094 humoris
1171 4031 1286 4116 copia

225 4125 497 4202 inundatum,
516 4122 747 4212 intestinum
771 4141 937 4188 caecum.
