2956 4996
265 385 373 449 ster·
384 381 413 447 1.
423 382 484 448 Da
504 395 679 448 orestus
702 393 843 450 aaran
864 399 1122 452 occasurus.
1163 407 1225 473 251

162 525 222 592 sii
252 527 451 610 speciebus
482 524 604 590 variis
624 525 666 592 in
697 529 869 610 corporis
898 533 1217 615 partibuspcste.

162 649 258 696 rum
282 629 434 692 videtur
454 633 492 692 st
521 627 851 718 bic,quo.dPot1
876 641 914 698 et
945 636 1218 702 Saaaaanzanl
1331 619 1336 630 ⁸

162 741 393 808 testantur,
414 734 622 817 respiratio
647 736 860 802 arbitraria
880 759 958 804 esse
981 743 1110 828 cc).-
1131 744 1222 806 Gru·

160 847 302 906 stacea
325 837 533 904 branchias
562 837 709 902 habent
733 838 858 904 relate
881 843 929 904 ad
952 861 1086 926 corpus
1110 861 1222 908 suum

159 943 335 1024 majores
351 960 468 1026 quam
488 939 974 1024 m'ollusca‚pyramidales
994 945 1222 1030 plurimum,

162 1044 217 1108 ad
255 1043 478 1120 thoracem,
501 1043 564 1106 val
586 1041 635 1106 acl
667 1043 789 1108 latera
822 1044 967 1110 caudae
998 1041 1249 1114 existentes.'

162 1147 361 1209 Constant
400 1143 474 1206 hae
511 1143 723 1210 branchiae
764 1145 940 1228 pluribus
974 1148 1225 1216 lamellarum

64 1279 66 1284 ·
158 1247 330 1322 stratis,
353 1244 553 1330 inquibus
574 1249 868 1324 vasa‚arteriae
888 1255 927 1314 et
948 1271 1068 1316 venas
1088 1252 1221 1319 distri·
1300 1283 1304 1298 »

160 1351 343 1416 buuntur
355 1391 367 1425 ,
378 1351 440 1414 vel
463 1347 604 1416 adsunt
619 1349 690 1414 fila
702 1339 931 1436 'cylindrioa
951 1356 1229 1421 numerosissi-

159 1471 256 1528 ma,
289 1453 437 1516 arteria
459 1457 498 1518 et
528 1473 628 1518 vena
659 1456 890 1522 constantia.
933 1457 1060 1522 Mutat
1093 1459 1219 1542 igitur

158 1577 270 1644 aqua
296 1557 530 1642 sanguinem
561 1559 603 1624 in
623 1558 905 1632 brencbiarum
936 1562 1103 1628 vasculis
1127 1583 1219 1630 con·

158 1667 343 1734 tentum,
366 1666 404 1724 et
424 1659 598 1744 abigitur
621 1661 765 1728 bumor
790 1663 958 1730 lamellis
979 1667 1216 1744 mobilibus,

157 1761 378 1834 branchias
400 1763 760 1844 comprimentibus.
784 1767 825 1828 lu
846 1766 937 1831 aliis
959 1787 1050 1832 vero
1070 1769 1221 1836 aliaest

102 1893 105 1900 ’
160 1869 451 1936 branchiarurn
473 1867 625 1932 fabrica
647 1867 733 1951 dcl).
756 1867 831 1934 Cel.
856 1875 986 1936 autam
1006 1872 1218 1939 Tallvma·

165 1987 243 2038 lius
277 1974 319 2038 in
340 1969 506 2056 Cypride
533 1969 680 2053 pubere
703 1971 842 2038 Miill.
865 1989 1035 2057 organon
1059 1973 1220 2060 aliquotl

162 2075 342 2149 detexit,
358 2072 458 2158 quod
481 2073 660 2156 pulmoni
683 2075 888 2157 analogum
910 2095 987 2140 esse
1009 2081 1124 2158 putat
1144 2077 1218 2162 ee).

159 2211 205 2238 .-
227 2183 275 2246 ln
294 2177 491 2244 vermibus
523 2177 724 2242 nonnullis
746 2177 975 2263 (bis-udins,
999 2179 1218 2270 lumbrico)
1345 2255 1353 2270 ‚

160 2284 270 2350 eutis
289 2283 500 2360 universa,
523 2279 597 2344 rati
618 2299 799 2345 vasorum
824 2270 1021 2366 perlaeta,
1039 2288 1083 2346 ut
1103 2287 1224 2354 Cuv1.

152 2379 213 2454 ¹lu
240 2387 351 2452 docet
379 2385 460 2474 si),
488 2377 774 2470 respirationis
798 2387 1000 2453 constituit
1032 2407 1226 2480 organum

160 2491 308 2556 adsunt
330 2494 485 2564 tamen,
507 2487 609 2574 quod
634 2491 702 2552 cel.
723 2493 890 2555 illaesas
912 2494 1067 2566 monet,
1091 2492 1218 2575 spira-

160 2593 272 2669 cula,
293 2611 379 2656 cum
403 2591 571 2656 tracheis
590 2591 756 2669 internis
776 2592 1107 2658 communicantia
1127 2597 1214 2682 gg).

161 2699 208 2770 ln
247 2695 464 2780 Aphrodite
503 2696 643 2762 cristae
676 2703 766 2764 sunt
806 2716 1019 2770 carnosae,
1046 2714 1213 2782 quarum

163 2801 350 2886 utrinque
370 2811 414 2874 no
443 2789 557 2884 paria
585 2801 736 2881 corpori
761 2800 928 2866 adstant.
960 2799 1049 2870 Alia
1084 2803 1216 2870 antem

47 2981 49 2990 Ι
162 2922 309 3002 genera
340 2895 555 2966 arbusculis
587 2899 756 2986 gaudent
787 2909 856 2968 aut
888 2900 1056 2966 flabellis
1067 2945 1079 2981 ‚
1107 2903 1211 2968 vasis

161 3011 367 3098 pertextls·
390 3009 565 3074 Nereides
592 3010 750 3074 conulos
769 3013 910 3092 gerunt
930 3025 1086 3072 carneos
1098 3048 1111 3083 ,
1132 3026 1216 3070 cor·
1322 3037 1330 3060 ι
1356 3068 1357 3082 ,

122 3126 126 3161 ¹¹
164 3119 275 3202 poris
315 3117 437 3182 latera
474 3115 686 3197 stipantes,
711 3111 890 3177 mirabili
919 3129 1102 3176 vasorum
1139 3107 1218 3176 reti

165 3225 387 3304 portentum
410 3217 475 3282 vel
508 3215 648 3292 adsunt
684 3213 889 3280 filamenta
918 3213 1143 3290 maculosa,
1172 3211 1218 3278 in

164 3325 372 3412 penicillos
396 3321 559 3388 collecta
572 3359 583 3396 2
607 3317 669 3383 vel
691 3318 872 3384 lamellae
892 3287 1251 3401 perventurus*
1340 3307 1342 3312 ’

165 3435 300 3516 estque
321 3427 431 3494 varia
451 3424 493 3490 in
518 3423 678 3490 diversis
696 3423 895 3508 speciebus
914 3422 1076 3489 fabrica.

250 3593 399 3658 insecta
407 3635 419 3668 ,
438 3590 586 3688 majora
608 3585 897 3654 irritabilitatis
916 3585 1037 3672 gradu
1057 3585 1214 3672 praedi·

66 3673 70 3690 ’
166 3699 210 3762 te
238 3716 354 3782 quam
377 3699 503 3760 cetera
534 3693 766 3758 inferiorum
794 3692 975 3756 classium
1002 3691 1230 3772 animalia„

84 3853 87 3864 .
169 3806 401 3885 apparatum
421 3795 716 3883 respiratus-ium
744 3815 812 3880 per
834 3793 1058 3860 universum
1079 3813 1216 3877 corpus

165 3899 350 3970 diffusum
371 3903 529 3968 habent.
553 3899 702 3970 Adsunt
720 3917 812 3970 vasa
831 3899 943 3962 a'e’rea
962 3915 1217 3977 ramoea‚per·

168 4007 293 4070 totum
336 4023 469 4088 corpus
508 4002 719 4072 distributa
738 4045 750 4081 ,
782 3998 934 4084 triplici
982 3999 1211 4063 membrana

172 4109 406 4194 composita3
429 4109 568 4174 irarum
590 4105 721 4172 media
740 4103 809 4170 filo
832 4101 1051 4169 absolvitur
1078 4119 1212 4190 argen-
1275 4103 1278 4110 '

166 4213 223 4288 tsi
240 4212 479 4310 splendoris,
494 4211 542 4279 ab
561 4229 638 4282 uno
659 4208 761 4278 vasis
781 4207 861 4276 fine
882 4205 931 4272 ad
949 4206 1115 4276 altarum
1134 4203 1213 4316 spi-r
