2956 4996
193 446 196 456 ’
262 445 346 518 sos
421 443 508 512 Lm.
524 443 665 511 Lcsr.
688 441 754 508 111.
773 443 833 506 Da
861 453 1197 530 susurrarrouu„

721 615 751 686 l·
795 615 870 685 347·

723 785 901 854 Nixus?

245 931 249 939 ’
359 934 511 998 Utimur
532 933 654 999 nixu
675 929 716 992 in
734 933 869 996 multis
889 931 1318 1016 functionibus‚mejo·

273 1035 355 1106 rem
375 1037 456 1102 vim
478 1033 729 1120 exigentibus.
752 1036 977 1102 Absolvitur
997 1045 1126 1100 autem
1147 1037 1179 1101 is
1203 1056 1317 1102 eona-

272 1153 333 1210 tus
355 1139 545 1226 profunda
564 1142 602 1201 et
622 1135 804 1202 diuturna
826 1137 1102 1222 adspiratione,
1113 1139 1321 1222 diaphrag-

272 1253 377 1324 mate
398 1246 438 1308 in
460 1241 650 1306 abdomen
670 1233 1079 1322 prop'ulsogcla'uditur
1095 1262 1196 1305 nunc
1216 1245 1318 1326 glot·

270 1352 347 1426 tis,
363 1327 405 1413 let
429 1351 625 1432 ponuntur
653 1345 817 1407 musculi
845 1330 1110 1410 abdominales
1133 1346 1174 1409 in
1194 1347 1318 1410 actio-

273 1471 383 1527 nem,
397 1449 707 1531 ,exspirationem
734 1447 982 1510 vehementer
1001 1452 1200 1531 urgentem
1221 1447 1318 1512 resi·

276 1557 385 1617 stunt
409 1557 539 1615 tamen
559 1549 691 1634 glottis
721 1548 851 1612 clausa
879 1556 916 1612 et
938 1554 1091 1633 septum
1118 1555 1316 1614 transver-

162 1661 164 1670 ’
271 1679 355 1722 sum
377 1657 519 1720 fortius
551 1659 814 1726 contractum,
838 1653 936 1742 unde
970 1673 1103 1716 cavum
1136 1652 1316 1718 abdomi-

270 1763 332 1827 nis
354 1782 421 1846 per
442 1779 594 1824 omnem
617 1755 901 1820 dimensionem
919 1757 1127 1841 stringitur
1136 1757 1318 1844 ,ejusque

273 1870 454 1930 contenta
473 1865 515 1928 in
538 1862 683 1946 pelvim
702 1867 898 1948 urgentur.
1116 1859 1122 1871 ’

354 2004 603 2069 incredibiles
626 2008 727 2070 certo
749 2003 826 2086 ejus
844 2003 951 2066 nisus
970 2001 1191 2080 suntvires,
1204 2023 1316 2088 quem

271 2130 341 2196 pro
363 2106 562 2172 vacuanda
581 2106 668 2170 alvo
691 2104 741 2188 (§.
763 2107 874 2190 3¹6),
893 2125 962 2188 pro
985 2106 1217 2170 excernenda
1235 2108 1317 2170 uri-

270 2233 345 2288 na,
366 2229 509 2294 proque
529 2206 759 2290 ponderibus
777 2207 975 2299 levandis,
996 2208 1159 2292 aliisque
1179 2231 1317 2276 remo·

271 2305 415 2382 vendis*
430 2311 638 2380 obstaculis
664 2313 907 2380 adhibemus·
930 2315 1169 2380 Arbitrerius
1190 2316 1230 2382 in
1252 2318 1317 2382 his

272 2420 422 2486 casibus
445 2420 502 2482 est
518 2415 629 2480 nixus
643 2418 719 2495 ;·iu
739 2423 854 2500 partu
876 2439 992 2492 vero,
1017 2417 1058 2482 in
1084 2416 1233 2484 vomitu
1263 2416 1315 2502 (ς.

270 2522 393 2606 284),
426 2520 467 2583 in
500 2519 580 2585 alvi
612 2525 650 2584 et
679 2520 815 2588 urinae
847 2527 1017 2590 tenesmo
1048 2521 1191 2586 virium
1222 2523 1317 2594 huic

271 2624 470 2691 conflictui
487 2617 662 2688 resistere
683 2623 833 2688 animus
850 2625 915 2688 vix
935 2631 1074 2708 potest.
1106 2626 1210 2688 Vires
1233 2646 1316 2691 cor-

269 2751 408 2818 poreae
433 2749 502 2812 per
523 2728 657 2790 nixum
687 2749 731 2790 ea
755 2727 988 2809 adjuvantur
1020 2727 1193 2803 ratione,
1215 2727 1315 2814 quod

270 2841 428 2901 truncus
455 2833 498 2908 in
530 2832 750 2902 columnam
781 2829 1026 2896 immobilem
1054 2837 1252 2910 mutetur,
1276 2841 1316 2902 et

270 2927 435 3002 musculi
460 2934 495 2997 ei
514 2931 649 2997 inserti
669 2931 747 2998 fixe
764 2933 1033 2998 nanciscantur
1051 2943 1208 3018 puncta.
1220 2942 1316 3004 Cen·

272 3045 329 3104 set
355 3039 567 3102 Helbesus.
590 3039 628 3097 et
658 3036 857 3119 sanguinis
890 3036 1127 3116 uberiorem,
1145 3039 1187 3103 in
1217 3061 1318 3106 cere·

273 3143 388 3207 hrum
412 3139 710 3223 adfluxum‚qui
732 3141 801 3203 sub
822 3141 908 3203 nisu
930 3141 1104 3218 obtinet,
1125 3145 1223 3208 vires
1247 3169 1316 3212 eu·

269 3267 358 3333 gere
382 3244 617 3316 musculares
630 3284 641 3323 2
663 3243 1041 3334 siquidem-maniaci
1063 3249 1102 3309 et
1122 3249 1315 3330 phreniti-

273 3351 311 3418 ci
330 3372 374 3416 ex
395 3341 529 3414 'eadem
550 3368 663 3412 causa
684 3345 865 3416 maximis
887 3350 1083 3434 gaudeant
1101 3351 1250 3418 viribus
1267 3354 1315 3440 ‘).

356 3519 450 3581 Cum
478 3515 548 3578 sub
577 3514 670 3578 nixu
697 3513 894 3608 sauguinis
924 3514 1093 3581 refluxus
1123 3519 1171 3582 ab
1206 3539 1315 3588 enes-

272 3619 393 3707 phalo
416 3615 592 3682 arceatur
613 3613 791 3702 (§.330.),
814 3616 970 3702 ipsoque
991 3619 1200 3685 abdomine
1226 3643 1315 3686 con·

272 3724 409 3790 stricto
431 3721 559 3784 minor
574 3720 652 3802 ejus
674 3720 850 3784 humoris
874 3720 986 3802 copia
1005 3721 1125 3786 isthic
1151 3725 1314 3810 recipia-

271 3835 360 3900 tur,
384 3825 499 3889 sacies
510 3864 521 3898 ‚
542 3823 682 3886 collum
706 3826 745 3885 et
763 3828 896 3905 pectus
915 3829 1092 3907 turgent,
1116 3827 1258 3892 rubent
1277 3833 1315 3894 et

273 3931 478 3997 livescunt.
501 3927 663 3994 Adducit
682 3933 885 4010 praeterea
904 3928 1036 3992 omnia
1064 3933 1167 3994 mala
1179 3974 1192 4007 ,
1217 3951 1314 4018 quae

271 4033 463 4119 impedita
475 4030 682 4114 respiratio
701 4028 855 4092 adferre
866 4035 1011 4111 potest:
1025 4031 1186 4108 varices,
1196 4053 1314 4098 aneu·

271 4140 462 4216 rimata,
481 4153 659 4200 vasorum
689 4138 867 4215 rupturas
888 4175 899 4208 ‚
929 4134 1215 4219 haemoptoiin‚
1245 4160 1313 4204 na·

272 4243 375 4308 rium
408 4248 445 4308 et
473 4236 574 4304 uteri
608 4235 947 4320 haemorrhagiae,
980 4240 1161 4326 abortus,
1182 4245 1313 4329 prole·

272 4371 382 4436 psus,
394 4347 571 4426 herniae,
590 4342 823 4430 vertiginem
835 4382 848 4422 ,
860 4347 1116 4429 apoplexiam.
