2898 4992
145 351 147 366 ’
267 353 335 434 μό
397 304 1205 436 Lm.'1.cmv1.usrrroo1russuourms.

272 492 440 579 gnatius,
464 497 501 555 et
530 491 703 565 firmius,
726 491 984 577 siquidem-‘et
1013 515 1132 558 venae
1160 495 1315 578 pulmo-

272 596 415 668 nales,
447 613 608 678 quarum
638 595 772 656 tunica
810 595 972 666 interior
1002 597 1198 660 internam
1234 597 1316 678 eius

154 719 158 727 ¹
220 771 223 781 Ι
275 697 479 760 constituit
508 695 797 774 membranam,
817 697 1052 762 robustiores
1076 698 1154 761 siut
1176 696 1317 779 (§.3eo.

274 801 320 862 11.
343 821 379 863 n.
401 783 468 882 3.).
500 801 543 861 In
571 800 720 882 reliquo
754 785 930 885 congruit
960 793 1110 865 fabrica
1137 825 1205 868 sua
1228 825 1318 868 cum

273 903 360 967 sinu
386 902 531 966 dextro.
561 901 782 984 Respondet
809 902 1077 978 foveaeovali
1097 906 1197 986 septi
1221 910 1317 970 atri·

261 1025 386 1070 ¹orum
406 1006 447 1066 in
469 1005 541 1067 hac
562 1005 1184 1086 partevalvulaforaminis
1208 1029 1319 1072 ova-

184 1135 188 1142 ·
276 1111 369 1183 lis,
391 1109 432 1172 in
456 1107 594 1172 adulto
611 1109 769 1171 homine
796 1105 915 1172 limbo
941 1129 1077 1174 carneo
1103 1111 1319 1191 plurimum

276 1210 449 1285 adcreta,
472 1212 696 1292 nullamque
719 1211 939 1294 relinquens
965 1213 1067 1277 inter
1087 1213 1191 1278 sinus
1213 1233 1319 1278 com-

275 1313 523 1388 munionem,
547 1320 585 1378 et
603 1315 685 1378 sola
715 1313 886 1377 crassitie
913 1315 1083 1388 minore,
1107 1339 1149 1380 ac
1172 1321 1321 1398 maiore

273 1415 688 1504 pelluciditatesemet
712 1403 962 1502 distinguens.
997 1419 1075 1486 Non
1097 1427 1228 1488 tamen
1248 1427 1321 1488 ad-

274 1521 431 1585 modum
451 1541 581 1586 rarum
601 1527 676 1596 est,
699 1525 742 1584 ut
761 1520 865 1584 infra
883 1539 1013 1584 arcum
1035 1523 1251 1607 ellipticum
1274 1528 1322 1596 iu

274 1625 418 1690 adultis
458 1625 634 1688 foramen
676 1623 926 1700 inveniatbr3
955 1624 1016 1688 vel
1048 1624 1133 1708 ipsa
1162 1619 1325 1697 valvula

275 1734 357 1790 tam
390 1728 442 1790 sit
468 1727 618 1798 brevis,
649 1730 691 1788 ut
722 1722 815 1787 adeo
842 1724 1017 1788 foramen
1049 1729 1156 1792 ovale
1190 1731 1344 1796 claudi·

277 1849 477 1915 nunquam
498 1812 639 1911 possit,
658 1832 915 1910 perpetuaque
935 1831 1100 1912 supersit
1128 1835 1317 1906 atriorum

271 1933 496 1998 eommunio
519 1933 602 2012 aa).

518 2107 569 2166 lV.
592 2106 857 2164 Ventriculus
884 2107 1076 2164 aorticus.

360 2275 549 2340 Convenit
581 2277 687 2355 iste,
716 2280 977 2362 posterior
1018 2297 1048 2340 s.
1089 2275 1327 2342 sinister·

278 2396 428 2464 quoque
449 2377 594 2470 dictus,
614 2380 655 2443 in
679 2382 811 2446 multis
835 2401 918 2444 cum
937 2379 1153 2464 pulmonali
1171 2381 1324 2443 ventri.
1442 2397 1443 2418 ¹

275 2481 382 2560 culo3
404 2488 557 2563 praeter
577 2485 693 2546 robur
714 2482 832 2566 triplo
855 2484 978 2565 majus
999 2489 1036 2546 et
1064 2485 1323 2564 capacitatem

275 2582 487 2660 minorem,
509 2584 644 2668 aliqua
668 2584 793 2648 adhuc
821 2591 910 2648 sunt
937 2585 971 2647 ei
991 2585 1162 2668 propria.
1200 2587 1323 2649 Occu-

275 2691 343 2766 pat
372 2685 529 2748 sinistra
560 2688 684 2770 magis
711 2692 748 2750 et
775 2688 996 2769 superiora,
1017 2689 1098 2775 ita,
1120 2695 1163 2752 ut
1192 2690 1325 2772 paries

182 2781 183 2784 '
217 2839 220 2846 ,
277 2787 355 2870 ejus
375 2787 550 2856 lateralis
569 2807 777 2852 convexam
800 2787 922 2852 cordis
943 2795 1093 2874 partem
1115 2791 1325 2873 praecipue

278 2888 430 2954 efficiat.
464 2893 648 2954 Constant
669 2890 835 2974 parietes
864 2889 943 2974 ejus
974 2889 1106 2954 stratis
1142 2890 1322 2972 pluribus

277 2995 525 3081 musculosis,
544 2994 646 3074 inter
674 3013 712 3056 se
739 2994 963 3057 firmissime
996 2993 1115 3058 nexis.
1148 2995 1323 3064 Stratum

221 3137 224 3141 -
270 3103 476 3164 *externum
497 3097 659 3176 chordas
689 3103 826 3163 teretes
853 3095 1066 3184 et-firmas,
1087 3097 1195 3167 fibris
1220 3099 1324 3166 obli·

276 3201 362 3285 quis
383 3200 638 3278 intertextas,
661 3209 699 3272 et
726 3201 875 3278 minus,
899 3221 1014 3290 quam
1037 3204 1078 3266 i'n
1101 3204 1232 3272 dextro
1260 3211 1324 3272 est
1428 3221 1434 3234 ·

277 3304 520 3385 ventriculo,
540 3306 714 3391 obliquas
733 3306 863 3373 habet.
887 3309 994 3372 Circa
1016 3307 1165 3392 apicem
1190 3310 1319 3380 cordis

278 3413 415 3476 teretes
439 3415 477 3472 et
499 3409 656 3484 discreti
674 3407 852 3492 fasciculi
875 3417 1068 3494 segmenta
1090 3413 1199 3496 quasi
1229 3408 1321 3477 effi*

277 3509 385 3582 ciunt
417 3509 581 3574 duarum
609 3511 836 3588 stellarum,
867 3525 1028 3596 quarum
1060 3511 1163 3582 radii
1188 3509 1320 3582 incur·

277 3610 361 3674 vati
400 3610 566 3682 invicem
608 3610 905 3681 confunduntur.
957 3612 1094 3677 Stellae
1122 3597 1320 3680 inferioris

278 3722 452 3789 centrum
472 3712 573 3794 apici
596 3711 676 3778 lere
707 3721 763 3778 est
785 3713 1028 3790 finitimum,
1048 3719 1087 3776 et
1109 3711 1234 3777 mittit
1255 3735 1320 3777 ra·

281 3822 366 3896 dios
395 3839 524 3891 versus
554 3818 689 3896 basin3
704 3818 910 3904 superioris
939 3839 961 3888 a
981 3838 1161 3892 mucrone
1180 3835 1324 3900 parum

182 3959 193 3988 t
277 3925 411 3996 distat.
443 3922 582 3994 subeo
616 3927 736 3992 strato
765 3923 930 3994 alterum
967 3927 1046 3999 est,
1069 3921 1190 4004 magis
1221 3921 1322 3986 obli·

281 4039 421 4106 quum,
444 4041 638 4094 ramosum
657 4029 695 4084 st
717 4023 970 4099 intricatum,
988 4041 1072 4092 cum
1088 4023 1215 4106 priore
1235 4021 1318 4086 for·

271 4123 355 4198 ¹tius
375 4125 602 4201 cohaerens3
621 4125 760 4198 rectius
779 4131 910 4190 tamen
931 4131 969 4189 et
990 4124 1087 4190 istae
1109 4123 1345 4214 decurrunt,

277 4243 395 4324 quam
423 4224 467 4294 in
493 4225 626 4303 dextro
661 4227 890 4304 ventriculo..
930 4227 1323 4322 internuntiique
