2898 4992
395 391 405 412 “
465 379 524 447 Du
547 391 816 480 uurnrrrouu.
1093 355 1176 468 569

127 525 357 593 tensionem.
380 525 481 609 Quia
502 531 547 609 pr
575 531 700 589 eterea
725 527 915 591 alimenta
934 521 1087 609 diversa
1109 519 1176 592 'vi-

127 636 237 701 ribus
260 633 519 716 digerentibus
539 546 649 696 ixl-io
662 633 850 696 resistunt
858 632 978 717 gradu
990 674 1001 708 ,
1021 631 1176 698 variam

61 824 65 830 Α
128 739 351 830 largiuntur
385 737 490 824 chyli
515 739 689 820 copiam,
733 741 771 801 et
799 757 869 820 pro
899 737 1012 802 varia
1040 729 1175 802 indole
1206 775 1211 788 =

130 861 200 905 sua
225 841 416 906 dictorum
441 839 725 926 principiorum
746 839 876 926 genesi
903 841 1014 928 veria
1043 835 1178 905 favent
1277 831 1281 837 ⁵

125 949 281 1014 ratione
299 945 351 1033 (§.
372 943 601 1036 263-265.)',
626 947 731 1012 cibus
755 953 920 1030 etpotus
934 946 1178 1030 singulorum
1298 967 1301 974 ’

128 1058 388 1136 systematum
410 1049 647 1126 nutritioni,
681 1057 726 1114 ut
754 1053 935 1116 naturam
966 1049 1178 1113 habuerint

129 1155 225 1218 huic
250 1153 414 1217 eutelio
437 1154 628 1238 principio
649 1153 772 1238 magis
794 1157 1024 1240 analogum,
1049 1152 1177 1220 diver·

129 1276 175 1322 eo
196 1256 428 1341 respondent
445 1255 579 1342 gradu.

215 1421 297 1488 Etsi
316 1409 513 1503 sanguinis
532 1419 726 1503 principia
752 1405 824 1504 per
851 1418 1062 1486 nutritium
1089 1439 1178 1504 pro-

132 1545 278 1590 cessum
307 1523 510 1590 immutari
537 1523 689 1608 penitus
723 1522 909 1600 debeant,
940 1527 979 1586 et
1003 1521 1181 1586 converti

127 1650 200 1737 ppr
219 1629 379 1694 vitalem
401 1627 757 1712 metamorphosin,
781 1631 989 1710 antequam
1013 1624 1059 1700 in
1088 1623 1179 1688 suh·
1259 1654 1262 1659 ·
1385 1653 1391 1668 ·

130 1733 322 1801 llantiam
343 1736 545 1798 transeant
556 1729 776 1814 organicam
791 1728 856 1810 (Μ.
878 1747 952 1810 351.
967 1725 1067 1816 ¹cort.)
1082 1744 1093 1805 ς
1107 1725 1181 1790 eli·
1262 1789 1263 1798 ,

129 1861 210 1927 qua
240 1825 373 1904 tamen
397 1847 454 1904 est
479 1833 619 1904 relatio
652 1830 868 1922 gelatinae,
896 1833 1108 1898 albuminis
1142 1839 1182 1898 et

127 1945 298 2010 fibrinae
317 1945 365 2008 ad
386 1949 492 2008 certa
511 1941 744 2030 systemata,
763 1942 912 2008 utadeo
934 1942 1029 2006 haec
1041 1944 1182 2022 ,prout

109 2027 254 2113 ”unum
279 2053 347 2110 aut
365 2046 473 2110 eliud
492 2027 534 2109 in
557 2047 605 2110 iis
627 2045 887 2128 praevaluerit
917 2039 1182 2126 principium,

129 2152 174 2218 id
194 2149 399 2234 praecipue
420 2148 604 2233 sanguini
645 2149 854 2214 detrahant
864 2193 876 2225 ,
896 2147 1013 2232 inque
1026 2141 1086 2211 sui
1097 2165 1185 2210 oon·

129 2258 290 2322 vertant
311 2253 581 2316 nutritionem.
604 2253 663 2316 Sic
674 2258 802 2317 textus
824 2251 1048 2326 cellulosus‚
1061 2239 1193 2332 meris,-¹

82 2385 85 2393 ¹
126 2359 276 2425 branae
296 2376 444 2420 serosae
467 2362 504 2419 et
529 2354 694 2420 fibrosae
707 2399 718 2430 ,
757 2375 865 2418 mera
900 2355 980 2418 fere
1007 2355 1184 2438 geletina
1231 2365 1254 2394 ³

129 2445 377 2535 constantes,
396 2461 477 2526 solo
499 2460 620 2525 ferme
637 2461 712 2524 hoo
736 2457 926 2542 principio
939 2458 1184 2524 nutriuntur.

78 2623 81 2642 ,
130 2563 304 2632 Tunicae
317 2563 648 2659 mucosae,rnagis
669 2561 1055 2646 jamcompoaitaess.
1074 2563 1183 2645 son),
1305 2555 1307 2559 ’

100 2752 103 2756 y
132 2675 291 2756 praeter
310 2667 543 2751 gelatinam,
567 2669 749 2732 albumen
781 2674 819 2732 et
842 2667 960 2731 facile
988 2668 1108 2730 stiam
1136 2661 1183 2734 fi'·

13 2825 14 2832 ,
132 2775 294 2841 brosum
324 2771 525 2856 requirunt
565 2769 828 2852 principium,
855 2770 957 2835 unde
984 2770 1184 2854 prioribus

133 2872 341 2941 difficilius
382 2891 532 2956 quoquc
563 2873 874 2955 reproducuntur
906 2867 957 2954 (ς.
992 2873 1099 2957 1¹24).
1136 2872 1180 2942 Id

132 2977 265 3062 ipsum
286 2973 493 3038 tenendum
518 2981 574 3039 est
596 2975 641 3038 de
661 2975 763 3042 corio
787 2981 824 3038 et
843 2976 919 3040 reti
942 2967 1096 3038 mucoso
1121 2993 1185 3038 cu·
1226 3009 1230 3016 ,

136 3086 211 3165 tis,
233 3083 278 3146 de
299 3065 674 3167 vasissanguiferis,
694 3085 848 3150 arteriis
877 3085 1100 3169 praecipue,
1132 3083 1181 3146 fi·

135 3190 221 3255 bris
245 3187 525 3280 peculiaribus,
546 3189 827 3255 muscularibus
851 3190 1017 3255 multum
1051 3189 1201 3262 analo·,

135 3289 290 3381 gis(§§.
317 3307 387 3384 153·
407 3290 526 3376 395.)‚
549 3292 785 3358 informatis.

225 3440 413 3504 Altiorem
433 3445 565 3504 tenent
599 3431 728 3506 locum
757 3427 954 3506 cerebrum
986 3447 1024 3508 et
1052 3442 1186 3520 nervi,
1264 3428 1265 3432 ¹

140 3565 305 3632 quorum
328 3544 546 3625 substantia
575 3545 775 3610 albu'mine
808 3545 964 3630 quidem
991 3547 1185 3622 abundat,
1278 3546 1279 3551 ’

138 3651 335 3733 singulari
359 3657 490 3714 tamen
512 3649 663 3714 ratione
684 3651 928 3728 modificato,
952 3658 996 3714 ut
1015 3652 1110 3714 adeo
1125 3669 1187 3734 sy·

109 3817 111 3824 .
137 3763 265 3822 stema
285 3755 389 3818 istud
411 3756 452 3819 in
478 3755 697 3837 corporibus
715 3755 1033 3839 phaenerobiotis
1053 3752 1190 3818 inseri·

138 3859 221 3926 oris
239 3855 398 3934 ordinis,
413 3876 508 3940 quae
528 3857 763 3940 simpliciore
775 3859 1000 3924 nutriuntur
1012 3857 1192 3921 substan·

136 3951 222 4035 tte,
243 3961 395 4043 penitus
420 3961 688 4048 desideretur,
705 3963 806 4028 vires
825 3964 902 4044 eius
918 3959 1191 4027 difficiliusre·

143 4067 372 4150 stituantur,
387 4073 424 4131 et
444 4063 681 4132 difficillima
700 4067 806 4135 illius
819 4070 868 4133 sit
884 4052 1126 4150 reproductio
1137 4062 1190 4148 (ς.
1263 4056 1266 4060 ’

146 4170 256 4254 177.).
277 4169 404 4235 Simili
428 4170 577 4233 ratione
600 4193 638 4236 se
658 4172 777 4236 habet
797 4171 1053 4234 musculorum
1068 4173 1213 4261 spate·-

138 4296 235 4358 ma,
263 4275 365 4362 quod
392 4280 593 4358 praeterea
620 4275 818 4361 copiosum
846 4274 965 4361 exigit
997 4276 1194 4341 fibrosum‘
