2922 4996
277 390 341 460 14⁴
382 360 1237 440 bes.1.csr.11.1)sassuescamus-rous.

278 521 435 598 tantum
460 513 713 602 supertensis.
744 511 818 576 Ubi
836 529 928 576 vasa
947 511 1169 596 sanguifera
1191 531 1323 578 massa

278 631 471 701 colorata,
490 625 528 683 et
549 618 684 682 ductus
702 615 934 678 excretorius
960 614 1150 678 mercurio
1169 616 1322 698 replen-

276 747 362 812 tur,
389 720 655 794 vesiculae
686 735 829 800 parvae
864 719 1074 798 apparent,
1102 715 1177 778 reti
1208 735 1322 782 vaso-

277 857 366 911 rum
385 825 694 914 sanguiferorum
715 821 862 885 cinctae
874 862 886 896 ,
909 835 979 900 ope
999 823 1125 884 textus
1145 821 1323 887 cellulosi

276 952 321 1015 in
340 941 455 1008 acin
468 956 516 999 os
535 947 748 1008 connexae3
765 928 810 992 hi
831 949 921 993 vero
943 914 1044 994 acini
1066 928 1234 994 invicem
1258 948 1323 994 co·

274 1048 438 1120 haerent
469 1034 753 1117 efformantque
792 1031 998 1096 lobulos
1011 1076 1023 1111 ,
1054 1033 1192 1118 quibus
1233 1037 1321 1096 tota

276 1144 495 1244 pancreatis
521 1138 767 1222 componitur
789 1139 1024 1222 substantie.
1047 1141 1075 1202 E
1098 1140 1246 1204 cellulis
1271 1139 1323 1203 iis

274 1250 475 1347 primariis
500 1243 696 1310 radiculae
720 1248 919 1326 emergunt
942 1243 1145 1330 ereretorii
1173 1241 1324 1322 ductus,

278 1383 374 1448 quae
392 1368 578 1422 venarum
599 1367 704 1408 more
721 1345 763 1407 in
781 1345 944 1426 majores
958 1344 1159 1412 confluunt
1178 1367 1324 1424 ramos,

243 1551 246 1562 .
276 1457 488 1556 principali
509 1453 661 1516 demum
685 1449 817 1513 ductui
838 1447 1016 1512 insertos.
1039 1450 1235 1514 Ductus
1255 1470 1325 1514 au-

278 1581 359 1638 tem
378 1551 773 1649 pancreaticus,
795 1548 936 1612 dudum
959 1551 1060 1614 forte
1081 1558 1217 1630 notus,
1247 1573 1269 1616 a
1293 1553 1324 1616 J.

279 1669 442 1754 Georgio
461 1665 656 1728 wrasure
675 1675 776 1718 anno
801 1655 890 1730 1642.
914 1654 956 1718 in
974 1655 1131 1720 homine
1153 1655 1324 1740 primum

282 1771 507 1845 observatus
526 1765 564 1824 et
586 1756 821 1838 descriptus,
843 1756 1020 1822 tenuiora
1041 1757 1209 1821 termino
1231 1777 1254 1820 a
1274 1757 1327 1820 si-

279 1883 404 1950 nistro
427 1865 644 1958 pancreatis
676 1869 845 1928 extremo
870 1864 1018 1942 oritur3
1041 1864 1240 1946 procurrit
1263 1863 1324 1938 in-

284 1993 347 2050 tra
365 1964 570 2064 glandulae
588 1966 874 2058 substantiam,
897 1964 1084 2030 anteriori
1101 1965 1215 2030 faciei
1236 1985 1328 2050 pro-

282 2087 389 2171 pior,
417 2079 528 2162 juxta
559 2067 719 2170 visceris¹
753 2067 1062 2153 longitudinem,
1084 2069 1325 2152 serpentinas

187 2255 190 2262 .
281 2193 446 2259 flexuras
475 2171 750 2250 describendo,
779 2171 894 2254 inque
929 2171 1108 2236 dextrum
1140 2177 1327 2256 properat

284 2289 489 2384 glandulae
511 2283 642 2347 finem·
675 2273 859 2342 Increscit
880 2275 950 2339 sub
978 2275 1050 2338 hoc
1074 2293 1142 2337 suo
1163 2273 1326 2336 decursu

211 2469 216 2486 ¹
283 2388 549 2488 panereaticus
571 2381 704 2445 ductus
734 2375 954 2456 volumine,
972 2374 1162 2460 siquidem
1184 2374 1329 2466 surculi

284 2496 454 2568 emedia
471 2485 691 2556 substantia
713 2482 1051 2565 emergentes,sub
1075 2482 1216 2565 angulo
1238 2499 1329 2544 acu-

284 2614 325 2672 to
359 2601 394 2666 ei
419 2577 640 2663 inseruntur
674 2588 733 2675 a).
775 2583 928 2650 Deserit
968 2584 1112 2660 modo,
1147 2583 1328 2648 adsumto

283 2705 499 2794 plurimum
526 2689 745 2778 pancreatis
775 2685 887 2770 parvi
917 2689 962 2751 W
982 2685 996 2748 i
1013 2705 1065 2749 ns
1083 2688 1098 2748 1
1118 2707 1139 2750 ο
1154 2685 1255 2748 wia
1274 2685 1328 2750 ni

285 2811 444 2898 (utpote
471 2791 724 2883 appendicis,
747 2788 928 2854 inferiori
950 2788 1089 2872 capitis
1116 2788 1222 2872 parti
1253 2787 1321 2852 ad-

284 2907 506 2992 haerentis)
529 2903 666 2992 ductu,
681 2895 833 2960 adsedit
852 2883 1082 2958 intestinum
1107 2891 1329 2958 duodenum

286 3023 451 3108 quatuor
471 3011 551 3072 sere
571 3001 729 3088 pollices
746 3019 769 3061 a
789 2999 947 3081 pyloro,
969 3000 1148 3078 penetrat
1171 2995 1248 3078 ejus
1266 3003 1330 3059 tu·

286 3121 394 3189 nicae
419 3111 595 3196 obliqua,
615 3111 660 3168 ut
685 3099 941 3166 choledochus
969 3097 1095 3162 suevit
1116 3097 1251 3163 ductus
1273 3093 1328 3180 (ς.

288 3221 409 3306 291.),
436 3233 521 3277 cum
562 3229 635 3296 quo
670 3203 917 3288 potissimum
948 3201 1111 3279 unitur,
1141 3219 1331 3285 suumque

290 3319 422 3390 fundit
443 3318 659 3381 humorem.
694 3309 853 3373 Constat
881 3303 1148 3388 pancreaticus
1171 3301 1330 3380 ductus,

295 3427 344 3490 ab
382 3394 567 3487 intestido
604 3411 712 3476 tenui
744 3408 893 3491 pariter
920 3405 1153 3490 productus,
1182 3403 1332 3469 extima

292 3525 497 3600 cellulosa,
522 3522 559 3582 et
578 3515 721 3578 intima
739 3529 895 3573 mucosa
912 3507 1065 3585 tunicag
1085 3511 1141 3571 est
1163 3507 1247 3571 albi
1267 3525 1331 3572 co·

292 3631 386 3700 loris
399 3673 411 3708 ,
442 3631 479 3690 et
508 3623 627 3688 babet
652 3639 695 3681 eo
725 3613 830 3687 fine,
852 3631 925 3698 quo
957 3609 1174 3676 duodenum
1200 3609 1332 3689 subit,

293 3735 433 3805 calami
452 3724 650 3812 scriptorii
670 3721 750 3786 sere
775 3714 1092 3802 amplitudinem

372 3852 545 3924 Asteriae
577 3845 773 3928 copiosae,
798 3845 930 3904 tenues
961 3843 1114 3912 tamen,
1138 3857 1161 3900 a
1179 3842 1332 3920 gastro·

296 3955 523 4033 duodenali,
546 3972 568 4014 a
587 3945 759 4031 splenica
791 3949 829 4008 et
858 3941 1111 4006 mesenterice
1135 3937 1333 4026 superiore

295 4059 493 4137 oriuntur}
524 4056 661 4141 quibus
688 4063 870 4132 pancreas
908 4067 994 4113 cum
1022 4045 1186 4130 hepate,
1207 4045 1333 4124 liene,

296 4187 456 4254 cumque
486 4153 705 4226 intestinali
734 4155 828 4218 tubo
861 4153 1045 4236 jungitur.
1079 4153 1204 4216 Venas
1233 4149 1332 4237 ejus.

296 4273 382 4344 dem
412 4261 581 4336 nominis
613 4257 840 4342 sanguinem
869 4255 1072 4340 recipiunt.
1104 4254 1201 4320 Vasa
1230 4255 1334 4340 lym-

626 4383 632 4394 “
1119 4427 1127 4446 ,
1170 4355 1334 4440 phalica
