2912 5000
294 375 361 462 364
423 374 508 442 ΜΒ.
521 371 549 438 Ι.
570 371 660 441 cnr.
681 367 739 442 1v.
758 368 819 438 Dr
841 337 1068 440 §tenerur
1089 384 1253 444 uxonrr.

219 595 221 602 Ι
290 515 470 606 'pluribus
495 501 617 583 s'hilo
639 515 766 582 renati
786 521 954 596 exeunt,
974 517 1124 608 ipsique
1141 541 1263 591 venas
1283 539 1346 588 οι.

176 705 179 714 1
289 639 362 686 vae
382 617 563 688 inferiori
582 619 651 684 sub
682 621 825 704 angulo
849 619 930 684 fere
959 629 1065 688 recto
1090 625 1344 694 insinuantur

291 721 351 814 d).
384 723 600 788 Occurrunt
625 727 758 790 tamen
780 721 1014 799 varietates,
1038 725 1080 792 in
1111 727 1161 794 iis
1193 744 1344 815 quoque

291 821 532 910 corporibus,
548 826 618 892 ubi
637 845 774 892 renum
793 825 945 893 fabrice
962 830 1126 896 minime
1147 838 1343 899 monstro·

290 951 333 996 sa
362 935 419 996 est
440 929 496 1010 e).
529 923 803 994 Destituuntur
828 930 904 994 hee
934 951 1057 998 venae
1081 933 1274 1014 valvulis,
1303 940 1343 1000 et

291 1030 582 1098 'communicent
608 1051 697 1096 cum
731 1032 886 1097 arteriis
911 1040 951 1098 et
978 1036 1082 1100 vasis
1110 1037 1341 1118 uriniicris,

291 1136 393 1200 unde
416 1133 577 1219 impulsi
607 1134 774 1220 liquores
804 1136 868 1202 vel
899 1127 969 1206 a'c‘r'
993 1137 1150 1204 inflatus
1181 1161 1200 1204 e
1231 1141 1342 1206 venis

291 1243 335 1306 in
357 1238 453 1306 haec
471 1238 652 1312 vasorum
667 1258 809 1324 genera
829 1247 867 1304 et
887 1241 1192 1309 vicissimiaoile
1212 1249 1341 1310 trans-

289 1345 325 1410 it
362 1342 410 1427 f).
461 1343 632 1408 Tunicae
668 1363 855 1410 venarum
896 1343 1089 1414 renalium
1128 1345 1339 1416 debiliores

264 1453 379 1525 xcunt
398 1465 515 1531 quam
538 1466 669 1512 omnes
696 1447 777 1517 fere
807 1447 1045 1535 reliquarum
1074 1441 1249 1532 partium
1271 1475 1338 1520 ve·

237 1611 245 1619 .
283 1552 380 1626 nee,
399 1555 444 1614 ut
462 1547 552 1631 inde
570 1553 745 1621 maxima
771 1557 952 1616 nascatur
978 1571 1064 1619 cum
1086 1555 1243 1620 arteriis
1267 1577 1339 1622 an·

167 1699 173 1708 -
284 1653 442 1720 tithesis
454 1676 464 1716 ι
477 1652 621 1724 etenim
633 1655 908 1738 experimentis
919 1653 1020 1722 Win
1031 1662 1047 1721 t
1060 1679 1078 1722 r
1089 1656 1103 1720 i
1113 1677 1140 1723 n
1153 1659 1213 1742 gb
1224 1679 1294 1724 am
1307 1661 1340 1725 i-

286 1745 400 1830 enis
422 1763 653 1840 didicimus,
675 1751 909 1827 arteriarum
930 1753 1047 1832 robur
1072 1761 1121 1826 sd
1152 1781 1271 1830 venas
1296 1787 1335 1830 se

284 1867 430 1932 hebere
458 1870 503 1928 ut
536 1878 649 1947 4379:
684 1885 774 1930 rooo
807 1868 867 1952 g).
901 1863 1102 1948 Gapecitas
1130 1847 1335 1951 praeterea

281 1992 470 2042 venarum
489 1969 718 2038 arteriarum
744 1969 940 2055 insignem
961 1977 1117 2056 superat
1142 1971 1332 2057 amplitu-

285 2077 441 2160 dinem,
459 2087 503 2146 ut
521 2080 615 2145 adeo
635 2079 679 2146 in
698 2082 850 2146 ratione
871 2082 953 2147 sint
969 2087 1013 2146 ut
1028 2099 1069 2166 5²
1090 2101 1109 2149 s
1129 2081 1187 2165 h).

367 2243 466 2308 Vasa
482 2245 806 2332 lymphatica
824 2242 980 2327 copiose
998 2248 1088 2310 sunt
1107 2249 1191 2308 tum
1209 2241 1252 2308 in
1269 2263 1332 2308 su·

281 2344 557 2430 perficie,tum
583 2343 624 2410 in
646 2341 867 2411 substantia
886 2363 1044 2422 reuumg
1058 2363 1154 2430 quae
1178 2345 1220 2409 in
1244 2365 1334 2430 par·

280 2451 514 2534 enchymate
541 2450 788 2523 exoriuntur,
820 2468 982 2534 cumque
1009 2449 1116 2515 vasis
1139 2449 1332 2534 sanguise-
1437 2503 1438 2522 ,

280 2554 335 2620 ris
354 2553 482 2621 hilum
501 2553 772 2639 egrediuntur3
796 2554 936 2617 coeunt
961 2571 1047 2616 cum
1071 2552 1331 2637 superficiali·
1437 2535 1438 2596 ἦ

280 2659 352 2728 bus
375 2659 417 2722 in
437 2658 686 2732 fasciculum,
711 2656 934 2740 quiveram
953 2655 1136 2732 lienelem
1168 2659 1331 2722 comita·

282 2768 370 2838 tur,
393 2782 554 2848 cumque
571 2743 951 2844 vasis'lympheticis
981 2740 1223 2832 lumbaribus
1246 2762 1333 2848 jun·

198 2855 201 2861 s
280 2866 409 2950 gitur,
429 2871 467 2929 et
489 2853 626 2935 ductus
650 2865 840 2928 thoracici
860 2862 1056 2948 principio
1077 2863 1261 2929 inseritur
1277 2865 1330 2952 i).

190 3023 193 3028 .
261 2969 557 3052 ¹Experimento
577 2967 839 3053 complurium
870 2965 954 3030 cell.
974 2972 1249 3034 enatomorum
1270 2989 1330 3036 os·

202 3155 206 3164 Ι
278 3073 466 3150 tendunt,
486 3093 580 3137 vase
608 3070 861 3136 absorbentia
882 3057 1022 3137 renum
1049 3078 1141 3136 ‘cum
1174 3075 1331 3142 arteriis

281 3178 475 3256 strenis,
504 3189 665 3264 cumque
697 3176 877 3243 ductibus
904 3175 1088 3246 urinariis
1116 3180 1330 3248 communi·

282 3280 455 3367 mmkp
1040 3293 1042 3300 '

362 3447 495 3512 Plexus
516 3447 666 3514 renales
686 3446 738 3538 (ς.
762 3455 842 3526 180.,
857 3469 893 3512 n.
912 3447 985 3533 5.)‚
1006 3447 1168 3516 arterias
1190 3472 1337 3520 renunt
1437 3473 1438 3484 ³

279 3550 499 3637 cingentes,
530 3550 719 3618 nervob
748 3555 939 3632 mittunt,
969 3555 1035 3641 qui
1068 3575 1153 3622 oum
1185 3557 1328 3626 arteri-

279 3673 393 3722 arum
426 3657 544 3724 ramis
561 3698 572 3734 ,
603 3655 741 3742 quibus
775 3655 1034 3736 irretiuntur,
1066 3661 1329 3729 substantiam

277 3765 417 3826 re'num
449 3763 675 3828 subintrant
703 3763 757 3846 1),
778 3761 943 3826 vitalem
973 3783 1108 3830 eorum
1133 3766 1329 3840 viscerum

277 3871 478 3931 servantes
499 3864 705 3952 energiam.
729 3865 828 3952 Quia
844 3887 935 3932 vero
953 3869 1087 3951 plexus
1106 3867 1226 3936 iidem
1240 3885 1337 3942 cum'

276 3969 390 4052 plexu
411 3971 604 4047 coeliaco,
626 3989 713 4040 cum
735 3969 996 4036 mesentericis
1023 3979 1062 4038 et
1080 3975 1328 4059 spermatico,

275 4087 441 4154 cumque
471 4070 722 4152 splanchnico
760 4089 878 4146 nervo
905 4070 1161 4158 iunguntur,
1188 4093 1328 4142 renum

276 4173 538 4240 functionum
568 4173 748 4240 omnibus
770 4175 850 4240 fere
882 4177 1075 4260 organicis
1101 4179 1327 4244 muneribus

270 4267 319 4344 in
350 4293 539 4351 consensu
563 4273 708 4344 existit.
747 4279 843 4346 cum
868 4285 1068 4366 practerea
1098 4279 1215 4366 pauci
1244 4279 1325 4346 sint
