2898 4992
277 392 344 473 aas
383 385 472 456 arr.
493 387 524 454 l.
543 387 634 451 car.
648 383 707 450 VI.
730 377 789 450 De
808 379 991 450 cracurro
1011 385 1243 452 serentum.

275 535 535 615 camiscanae
546 529 768 618 perturbari
779 529 949 596 debebit.
971 531 1330 616 Intelligiturhinc,

275 649 399 729 quare
422 638 567 732 nimius
588 633 759 717 corporis
776 639 924 711 motus,
946 653 1019 719 quo
1044 635 1244 719 sanguinis
1263 657 1330 698 ve·

277 744 368 808 nori
386 743 462 807 iter
484 740 717 803 acceleratur
749 735 801 819 (ς.
823 738 898 818 396.
918 757 955 804 n.
971 738 1050 819 4.),
1082 739 1214 820 pulsus
1247 758 1330 803 cor·

275 847 341 912 (lis
366 851 403 910 et
425 842 679 916 arteriarum,
700 861 778 904 una
798 841 1330 924 cum'respiratoriopulmoe

277 967 374 1016 num
396 949 613 1030 motu,per
641 943 793 1030 longius
829 948 981 1028 temper
1015 943 1216 1019 intendat,
1249 944 1329 1010 imo

245 1039 248 1060 ¹
277 1049 522 1118 inordinatos
548 1050 663 1134 plane
693 1045 861 1123 reddat,
892 1053 959 1111 aut
986 1046 1021 1110 ei
1050 1050 1176 1133 major
1205 1049 1328 1114 fuerit

277 1162 458 1224 motuum
488 1150 756 1226 vehementia,
786 1141 923 1234 gravia
949 1151 1181 1214 suscitentur
1205 1152 1329 1238 phae-

281 1279 463 1328 nomena.
502 1259 554 1321 Ex
588 1275 631 1320 eo
655 1253 776 1319 etiam
807 1261 886 1332 eet,
923 1253 1023 1340 quod
1049 1261 1253 1338 praesente
1285 1257 1329 1321 in

278 1361 393 1428 corde
417 1365 485 1424 aut
501 1357 605 1422 vasis
621 1354 771 1441 magnis
793 1357 892 1427 vitio
910 1357 1088 1440 organico
1107 1399 1117 1433 ,
1136 1359 1197 1421 vel
1220 1377 1325 1428 mor-

270 1463 329 1530 bo
351 1461 581 1549 dynamico‘,
602 1460 732 1543 pulsus
753 1457 965 1524 reddantur
986 1461 1243 1543 irregulares,
1267 1481 1329 1524 or*

277 1587 379 1652 gana
409 1561 605 1647 spiritalia
630 1559 892 1640 adlicientur,
924 1567 963 1627 et
992 1561 1105 1628 varia
1133 1569 1333 1644 ponantur

275 1669 544 1758 symptomata
562 1665 753 1728 morbosa.

302 1849 305 1856 ¹
362 1818 405 1904 a)
427 1818 611 1882 Statuunt
629 1811 851 1900 physiologi
869 1810 1053 1894 plurimi,
1089 1811 1131 1875 in
1167 1809 1329 1882 homins

279 1921 414 1988 adulto
436 1918 571 1982 uncias
594 1917 748 1980 circiter
770 1917 864 1978 duas
876 1915 989 1979 unico
1000 1913 1125 1978 cordis
1147 1913 1226 1977 ictu
1239 1933 1327 1996 pro*

277 2021 400 2110 pelli3
417 2020 546 2104 pulsat
565 2023 695 2082 autem
717 2035 782 2080 cor
803 2015 909 2080 intra
922 2017 1129 2081 minutum.
1158 2018 1330 2099 primum

277 2135 409 2210 70-*80
431 2123 606 2199 vicibus,
625 2128 664 2188 at
680 2120 848 2184 diximus
861 2127 908 2192 -28
927 2121 1008 2186 fere
1031 2120 1151 2186 libras
1177 2120 1330 2206 sangui·
1438 2137 1439 2156 ¹

279 2232 343 2298 nie
364 2225 524 2294 circuire
548 2226 597 2292 in
625 2225 795 2291 humano
815 2231 973 2306 corpore
993 2221 1043 2306 <§.
1068 2227 1193 2308 105.)r
1223 2223 1326 2288 unde

279 2331 477 2422 requitur,
500 2336 626 2396 totam
648 2325 826 2395 humoris
855 2325 987 2392 vitalia
1022 2347 1189 2392 massam
1223 2327 1328 2391 intra
1438 2347 1439 2366 ¹

279 2437 436 2503 minuta
457 2433 611 2500 circiter
633 2433 712 2496 tria
730 2449 797 2514 per
820 2449 885 2495 cor
903 2435 942 2494 et
961 2431 1164 2512 pulmones
1190 2429 1329 2494 transi·

278 2562 332 2634 re.
354 2538 510 2606 Variam
532 2542 666 2601 tamen
689 2555 765 2599 esee
787 2533 830 2596 in
859 2533 979 2597 variis
1000 2532 1233 2608 individuis,
1268 2530 1329 2596 in·

183 2651 187 2662 '
272 2663 353 2731 'que
374 2643 507 2708 eodem
526 2638 685 2706 homine
706 2639 857 2702 diverso
874 2641 1045 2720 tempore
1067 2643 1193 2702 motus
1214 2637 1329 2704 istius

280 2746 498 2824 rationem,
526 2743 602 2807 vel·
623 2741 713 2806 inde
738 2746 880 2824 patet,
908 2741 1009 2826 quod
1041 2741 1171 2824 pulsus
1201 2740 1327 2805 cordis

280 2869 444 2918 numero
466 2849 634 2912 multum
656 2842 863 2910 differant=
894 2845 1036 2908 etenim
1068 2843 1168 2927 apud
1198 2844 1328 2908 infan-

281 2963 364 3021 tem
381 2965 584 3030 ooo-140¹,
606 2951 707 3034 apud
725 2969 831 3014 senes
852 2967 893 3032 5⁰
907 2949 970 3012 vel
987 2953 1023 3012 et
1040 2949 1244 3034 pauciores
1256 2968 1327 3012 nu-

281 3064 502 3133 merantur3
520 3053 759 3140 frequentius
782 3047 942 3116 vibrant
962 3071 1025 3114 cor
1047 3059 1084 3116 et
1106 3053 1271 3138 arteriae
1283 3052 1326 3117 in

278 3160 441 3226 seminis
462 3157 617 3258 etpviris
637 3155 865 3232 sensilibus,
886 3153 1033 3239 pluries
1054 3162 1144 3236 post
1169 3153 1325 3218 adsum·
1414 3153 1416 3160 '

281 3269 368 3329 tum
406 3260 534 3326 cibum
564 3266 602 3324 et
625 3267 761 3343 potum
795 3264 834 3323 et
864 3257 1085 3341 vespertino
1117 3263 1326 3342 tempore,

280 3385 400 3455 quam
420 3385 534 3430 mane
555 3371 641 3448 poet
660 3346 836 3434 somnum
859 3364 1033 3449 quietum
1068 3360 1133 3448 a),
1164 3367 1331 3446 suntque

281 3467 419 3536 causae
438 3469 687 3544 innumerae,
709 3465 830 3530 cordis
851 3472 888 3532 et
916 3466 1148 3530 arteriarum
1177 3475 1329 3534 motum

181 3609 185 3617 ¹
280 3594 445 3646 numero
468 3577 506 3637 et
526 3571 742 3637 intensione
762 3576 966 3636 mutantes.

367 3719 402 3802 3)
426 3715 540 3780 Varia
561 3721 617 3780 est
636 3723 764 3780 motus
782 3712 978 3797 sanguinis
1002 3713 1176 3780 celeritas
1195 3715 1235 3778 in
1256 3737 1325 3781 va·

282 3823 355 3894 riis
374 3819 574 3908 partibus,
596 3819 695 3902 quod
718 3815 963 3903 sequentibus
982 3811 1153 3880 efficitur
1181 3817 1320 3890 causis.

409 3965 454 4050 a)
478 3957 676 4044 Capaoitae
699 3957 850 4024 diversa
870 3977 1051 4022 vasorum
1079 3955 1327 4032 differentem

334 4129 342 4149 ,
367 4066 495 4137 reddit
517 4070 643 4129 motus
662 4063 908 4127 velocitatem
931 4061 1026 4126 adeo
1042 4107 1053 4136 ,
1072 4067 1115 4128 ut
1136 4063 1230 4127 haec
1263 4065 1325 4129 in·

365 4191 477 4237 versa
499 4189 540 4232 se
562 4169 732 4232 habeant
756 4167 919 4231 ratione.
952 4167 1052 4249 Quia
1075 4171 1202 4230 autem
1224 4166 1325 4230 rami

368 4269 601 4363 prteriarum
640 4268 758 4343 simul
785 4273 906 4341 sumti
951 4271 1137 4357 majorem
1176 4273 1326 4340 hahent

1208 4393 1324 4461 quam
