2912 5000
286 359 396 426 seor.
418 355 465 424 11.
487 357 548 422 Dr
571 367 1029 428 transmarinorum.
1055 415 1059 424 .
1133 376 1200 448 352

146 467 389 570 substantias
403 545 416 582 ,
432 499 743 610 observationes,
763 521 926 590 quarum
960 503 1117 590 quidem
1139 505 1201 572 in·

116 669 119 676 ,
145 611 284 680 finitus
306 611 365 672 est
385 625 589 683 numerus,
610 605 762 693 aliquot
789 609 930 674 saitem
953 607 1201 679 adducemus.

231 755 369 820 Ae'rem
415 749 770 836 atmosphaericum
808 747 938 813 minui
970 747 1202 820 ¹observavit

145 861 417 930 Annuuuruu,
447 871 533 917 cum
563 871 725 916 manum
752 852 795 916 in
827 871 871 917 eo
904 849 1052 926 diutius
1086 859 1202 920 tenu·

146 965 252 1030 isset.
283 953 480 1043 Comperit
508 961 641 1020 autem
672 956 782 1020 intra
809 955 966 1028 horas8
994 975 1132 1023 manus
1161 965 1203 1025 et

100 1123 114 1154 ,
147 1065 256 1150 carpi
277 1068 405 1128 eutem
424 1068 444 1131 8
462 1077 549 1128 unc.
564 1058 674 1124 ‘airis
699 1057 884 1146 oxygonii
909 1065 948 1124 et
968 1076 1053 1129 unc.
1078 1079 1092 1126 1
1112 1081 1204 1127 azo·

146 1171 220 1240 tici
239 1167 467 1246 absorbere;
493 1161 535 1228 in
563 1161 642 1228 alio
672 1181 766 1227 vero
797 1161 1071 1247 experimento
1093 1165 1203 1232 intra

145 1277 265 1344 boras
283 1289 306 1357 5
323 1289 409 1336 unc.
428 1285 450 1351 3
469 1265 571 1332 airis
593 1265 734 1331 nitrosi
746 1309 759 1344 ,
780 1273 819 1334 et
843 1291 855 1330 1
881 1268 933 1353 lfa
956 1287 1040 1332 unc.
1058 1267 1205 1354 hydro·

148 1377 257 1466 genii
288 1372 609 1452 absorbebantur}
655 1371 840 1435 Testatur
877 1369 982 1434 idem
1018 1390 1105 1436 cum
1135 1373 1206 1437 eet.

145 1485 328 1550 anrms
341 1523 354 1559 ,
375 1481 571 1542 summam
593 1473 724 1560 vigere
746 1473 1026 1540 attractionem
1057 1475 1107 1542 ad
1138 1464 1204 1542 aii·

146 1605 231 1652 rem
251 1581 408 1646 acidum
443 1578 717 1652 carbonicum,
739 1575 835 1642 adeo
845 1621 860 1655 ,
890 1583 936 1642 ut
965 1584 1073 1644 artus
1100 1580 1207 1646 infe·

147 1693 270 1758 riores
299 1688 407 1752 intra
434 1683 554 1748 horee
578 1681 757 1764 spatium,
774 1681 817 1746 in
845 1681 1007 1758 balneo,
1038 1705 1082 1750 eo
1113 1687 1207 1750 ae‘re

147 1793 444 1878 impraegnato,
465 1801 505 1868 15
521 1783 602 1850 fere
625 1783 723 1870 poll.
749 1784 1097 1853 cunenses-beant
1125 1785 1207 1874 Ἢ.
1260 1857 1265 1870 ,

139 1943 142 1950 ’
230 1946 380 2026 Aquam
395 1951 468 2016 -per
488 1935 616 1994 eutem
646 1923 848 1996 absorberi
871 1931 1026 1998 multae
1051 1939 1206 2002 testan-
1253 1895 1256 1912 ¹

147 2051 214 2110 tur
232 2034 536 2107 observationes.
568 2031 724 2096 Etenim
755 2033 855 2098 eutis
875 2048 899 2097 a
923 2035 1075 2100 balneis
1098 2037 1206 2123 tepi.
1310 2117 1313 2125 Ι

149 2143 211 2209 dis
241 2135 441 2204 emollitur
467 2153 547 2198 non
572 2131 699 2198 solum
725 2140 765 2198 et
794 2133 1046 2218 intumescit,
1067 2156 1208 2210 verum

25 2329 28 2334 Ι
147 2247 279 2330 ipsum
298 2259 436 2323 corpus
458 2235 626 2320 pondere
647 2242 810 2320 augetur
819 2280 834 2316 ,
854 2244 893 2302 et
916 2237 1075 2306 sedatur
1103 2245 1209 2323 sitis,

149 2358 281 2436 estque
315 2343 525 2413 notissime
563 2341 822 2418 observatio,
856 2342 1086 2409 mintionem
1125 2347 1209 2410 ibe-
1339 2419 1340 2422 Ἴ

138 2454 394 2544 ,quentiorem
415 2465 495 2512 esse
517 2449 605 2529 post
624 2443 766 2510 balnea
787 2441 971 2512 adbibita
992 2449 1046 2532 a).
1079 2449 1208 2534 Vapo-

148 2577 209 2624 res
228 2551 329 2620 airis
348 2548 504 2618 humidi
522 2565 589 2634 per
610 2553 739 2614 cutem
757 2547 959 2616 absorberi
979 2551 1099 2617 bruta
1115 2541 1211 2619 ania

149 2659 273 2726 malia
301 2653 541 2732 ostendunt,
569 2669 668 2736 quaa
697 2651 740 2716 in
774 2651 1003 2736 regionibus
1044 2655 1208 2748 calidis,

131 2767 239 2828 abre
259 2757 420 2825 humido
436 2755 697 2831 scatentibus,
713 2757 811 2838 potu
830 2755 911 2821 iare
938 2758 1138 2842 abstinent
1157 2760 1209 2845 (ς.

148 2869 247 2958 215.)
259 2913 269 2946 ,
290 2873 329 2932 et
348 2866 488 2930 docent
518 2862 720 2940 homines,
743 2862 786 2928 in
800 2849 978 2930 'humido
1007 2865 1209 2962 iamaioao

149 2976 238 3040 abre
259 2970 461 3055 degentes,
483 2965 652 3031 multum
685 2965 870 3032 audentes
891 2973 931 3032 et
958 2969 1179 3057 mingentes
1188 2981 1225 3058 ,'
1281 2973 1291 2989 ¹

148 3095 290 3166 parum
320 3080 453 3138 tamen
488 3069 667 3137 bibentes
699 3069 762 3157 b).
798 3071 879 3136 Huc
911 3071 1034 3139 etiam
1064 3077 1210 3147 referri

81 3166 83 3174 '
150 3181 296 3248 debent
330 3172 508 3260 exempla
538 3171 767 3250 hominum,
799 3168 867 3260 'qui
896 3173 1097 3260 ingentem
1129 3179 1207 3246 hu-

147 3281 272 3353 moris
293 3277 445 3362 copiam
463 3297 533 3361 per
556 3275 688 3341 varias
714 3277 953 3343 exorationes
984 3279 1206 3361 amittunt,

147 3389 260 3454 eibos
279 3381 452 3469 liquidos
474 3385 513 3444 et
532 3386 646 3464 potus
661 3425 673 3460 ,
691 3380 820 3446 medio
842 3385 1017 3464 tempore
1049 3383 1207 3452 adsum·
1263 3397 1265 3400 ’

149 3501 233 3570 tos,
250 3485 451 3578 multoties
470 3491 741 3567 superantem
760 3483 969 3570 hydropici
986 3496 1206 3572 praeterea,

152 3595 291 3686 quibus
325 3587 568 3674 paracenteei
601 3595 829 3654 evacuatum
865 3588 1060 3678 ltquidum
1098 3593 1209 3663 intra
1258 3610 1260 3624 '

121 3711 124 3715 ·
149 3704 270 3768 breve
302 3713 413 3776 saepe
442 3697 598 3774 ,tempus
636 3692 886 3770 restituitur,
916 3693 1210 3766 'secretionibus
1247 3723 1251 3735 ·

76 3861 80 3868 .
154 3799 293 3870 ceteris
312 3805 350 3863 et
367 3797 652 3884 exorationibus
672 3794 800 3863 debite
819 3800 1133 3890 procedentibus.

237 3941 417 4009 ¹Aliorum
445 3933 684 4025 liquidorum
715 3937 1005 4023 absorptionem
1032 3938 1209 4009 medicea

155 4052 379 4116 mentorum
406 4050 445 4109 et
474 4064 710 4110 venenorum
731 4041 906 4112 ostendit
937 4043 1010 4110 vis.
1045 4045 1105 4110 Sic
1134 4065 1207 4113 va·

82 4207 84 4218 .
155 4171 269 4239 peres
290 4147 581 4216 terebinthinae
612 4149 767 4214 urinam
800 4147 992 4214 violarum
1023 4144 1210 4221 imbuunt

76 4283 78 4288 ’
157 4256 275 4325 odore
295 4257 359 4342 o);
378 4253 547 4336 tingitur
581 4249 847 4318 idembumor
871 4251 1034 4346 arubae
1060 4255 1208 4326 tincto.

146 4435 149 4440 .
199 4369 441 4450 ursnossnr
462 4375 635 4466 Physiel.
655 4375 757 4442 med.
775 4373 857 4445 vol.
877 4375 943 4444 111.
1018 4373 1047 4443 Ζ
