2956 4996
281 373 352 489 θοι,Ι
429 397 515 464 Lm.
536 395 565 462 1.
586 396 679 462 csr.
702 393 773 460 111.
791 395 851 461 Dz
871 364 1192 464 sussrnsrroun.

282 545 337 614 sis
351 542 454 609 ectio
470 541 694 608 voluntarie
707 583 718 620 ,
729 555 803 623 que
820 539 1049 622 pulmonum
1063 541 1331 612 irritationem

281 649 511 714 abnormem
532 644 689 730 abigere
714 640 952 723 adnitimur3
974 644 1075 708 unde
1104 645 1146 709 in
1176 657 1332 727 somno,

280 753 326 819 in
349 748 574 818 hominibus
597 745 995 832 apoplecticis,lnque
1016 747 1151 812 ceteris
1171 751 1332 828 morbis,

280 857 352 921 ubi
378 853 462 919 vita
489 851 674 917 animalis
709 853 905 932 prostrata
935 849 1057 936 jacet,
1088 847 1216 914 locum
1252 871 1334 919 non

280 957 426 1032 hahet,
444 960 487 1020 ut
508 951 603 1018 adeo
625 972 696 1035 pro
719 952 821 1016 bono
852 951 995 1016 habere
1027 953 1150 1034 possis
1177 953 1306 1019 omine
1319 995 1332 1032 ,

180 1119 184 1130 .
279 1061 317 1128 si
338 1059 444 1144 aegri
472 1055 570 1121 tales
601 1055 783 1119 tussiant·
800 1053 854 1117 .si
884 1059 1016 1122 tamen
1035 1073 1150 1118 causa
1170 1055 1333 1125 irritans

279 1163 408 1232 niinia
426 1157 547 1224 fuerit
558 1202 569 1235 ‚
581 1160 711 1223 animo
729 1158 903 1221 resistere
922 1153 988 1221 vix
1006 1175 1221 1240 possumus,
1235 1151 1333 1236 jam'.

280 1287 354 1355 qua
376 1262 519 1342 inviti,
543 1281 629 1326 cum
649 1262 802 1346 magnis
822 1281 939 1346 saepe·
953 1263 1145 1328 molestiis
1167 1273 1206 1330 st
1226 1266 1332 1333 dolo·

280 1373 410 1448 ribus,
433 1369 573 1435 tussire
595 1369 782 1454 cogimur.
897 1392 899 1403 s
923 1439 925 1446 y
1010 1368 1043 1382 ’”

364 1531 510 1600 Causae
530 1532 676 1597 tussim·
697 1531 908 1596 excitantes
938 1525 1205 1616 idiopathicae
1239 1533 1334 1600 sunt

278 1643 350 1704 eut
367 1633 649 1730 sympathjcae.
683 1633 740 1698 Ad
763 1655 825 1696 aas
847 1631 1044 1716 pertinent
1071 1635 1224 1699 stimuli
1249 1655 1334 1700 me·

279 1739 435 1806 charrici
474 1745 542 1804 aut
570 1738 758 1816 chemici‚
790 1730 1068 1823 diaphragma,
1100 1741 1331 1824 laryngem,

277 1845 480 1912 trocheum
492 1839 701 1918 ,bronchia
717 1846 755 1904 et
777 1842 936 1906 cellulas
957 1841 1091 1926 ais'reos¹
1106 1845 1307 1912 irritantes
1321 1868 1333 1909 s

279 1965 438 2020 mucus,
460 1963 553 2027 pus,
572 1945 751 2029 sanguis,
772 1945 961 2010 materiae
982 1947 1264 2033 heterogeneae
1288 1953 1334 2018 in

281 2050 366 2116 vias
403 2050 535 2112 eiireas
563 2047 753 2132 illapsae,
783 2070 944 2133 vapores
976 2071 1082 2117 acres
1108 2057 1334 2131 etc.,.tuni·
1365 2105 1367 2112 >

281 2169 367 2217 cam
388 2171 585 2217 mucosem
604 2147 828 2217 arietantia.
858 2146 928 2216 Per
950 2171 1176 2222 consensum
1206 2161 1333 2242 agunt

278 2261 409 2327 sordes
428 2259 645 2342 primarum
666 2257 845 2334 viarum,
866 2255 1199 2325 inflammationes
1213 2303 1221 2334 ‚
1234 2283 1330 2346 sup·

281 2362 508 2446 parationes
536 2367 604 2426 aut
637 2355 903 2426 indurationes
932 2359 1124 2426 viscerum
1152 2363 1333 2430 ebdomi-

281 2465 452 2545 nalium,
475 2463 573 2529 cutis
598 2464 806 2548 praecipue
822 2465 962 2554 morbo
995 2464 1157 2530 adfecta.
1193 2468 1330 2536 Gordia

281 2576 321 2636 et
339 2587 524 2634 vasorum
545 2565 740 2646 maiorum
761 2568 1025 2632 anevrismeta
1043 2569 1182 2634 tussim
1205 2573 1330 2636 susci·

278 2674 397 2748 tant,
426 2691 513 2735 cum
554 2669 754 2754 sanguinis
786 2689 854 2753 per
884 2669 1084 2753 pulmones
1123 2671 1330 2740 circuitum

280 2773 525 2856 perturbant.
559 2772 734 2857 Denique
766 2774 891 2838 oritur
912 2773 1027 2839 tussis
1056 2796 1078 2838 a
1100 2759 1183 2839 sola
1209 2778 1333 2842 sensi·

275 2875 438 2944 bilitate
464 2874 638 2940 morbosa
659 2876 853 2958 exaltata,
872 2882 918 2941 ut
949 2878 992 2942 in
1009 2875 1141 2942 febrili
1160 2897 1328 2966 paroxy-

276 3000 373 3054 smo,
391 2979 432 3042 in
452 2977 663 3062 hystoricis
684 2978 801 3063 inque
822 2978 1049 3046 hominibus
1063 2985 1330 3050 convalescen-

277 3084 383 3148 tibus
404 3084 626 3168 srequenter
645 3081 898 3150 advertimus.

306 3287 308 3298 .
361 3233 549 3306 Salutaris
570 3233 861 3326 quidem'tussis
881 3249 938 3308 est
958 3239 1139 3324 effectus,
1162 3264 1247 3312 cum
1272 3248 1328 3314 ir·

276 3341 537 3411 ritamentu'm
570 3342 613 3408 in
650 3343 896 3428 pulmonibus
934 3341 1097 3413 haerens
1135 3345 1215 3429 ejus
1253 3371 1326 3437 ope

275 3443 473 3528 abigitur,
498 3449 536 3509 et
558 3445 757 3531 sanguinis
775 3449 902 3512 lenton
926 3445 1163 3516 sublevetur.
1195 3449 1329 3518 Nimia

275 3552 411 3613 tamen
428 3549 566 3627 tussis,
585 3571 653 3634 per
672 3569 711 3615 se
729 3549 897 3614 molesta
920 3556 957 3615 et
982 3570 1067 3616 cum
1086 3549 1217 3617 dolore
1238 3572 1323 3620 me·

273 3669 350 3738 gno
373 3674 484 3736 saepe
502 3654 732 3736 coniuncta,
755 3673 894 3739 corpus
912 3652 1119 3722 admodum
1140 3677 1326 3745 conquas·
1444 3742 1447 3756 Ι

273 3761 361 3836 sat,
379 3755 481 3822 vires
505 3757 706 3834 exhaurit,
729 3775 907 3822 somnum
938 3760 1163 3842 perturbat;
1182 3761 1231 3826 ob
1252 3759 1327 3828 im*

272 3858 451 3944 peditum
481 3859 684 3946 sanguinis
718 3880 894 3940 cursum,
917 3859 1179 3946 vertiginem,
1207 3861 1325 3930 faciei

273 3971 313 4030 et
335 3964 536 4029 oculorum
568 3962 933 4040 intumescentiam,
959 3969 1097 4051 capitis
1125 3967 1323 4047 dolorem,

270 4087 453 4136 vesorum
467 4057 778 4153 sanguiferorum
801 4067 1051 4138 dilatationes
1073 4079 1111 4138 st
1127 4075 1323 4160 rupturas,

270 4173 574 4258 haemoptysin,
603 4171 870 4238 suffocationes
902 4179 941 4238 et
971 4179 1136 4242 mortam
1166 4173 1321 4240 subita·

269 4295 384 4348 usam
401 4278 589 4346 adducere
609 4283 749 4365 potest.
783 4278 938 4370 Leniter
970 4283 1170 4366 protracta
1188 4277 1332 4365 inspi-¹

1260 4403 1321 4452 ss·
