2892 5004
245 473 1009 544 sacratornsssnssr.ernesius-m
1114 495 1181 564 37‘
1289 545 1294 552 ,

95 625 312 687 testamen
334 619 376 684 in
400 617 616 684 dentitione
634 628 839 686 occurrunt
859 623 1140 690 aberrationem

6 789 8 798 .
97 747 218 810 saepe
246 725 352 788 anim
383 723 554 786 infantes
583 741 669 786 cum
698 723 877 790 dentibus
915 733 1150 804 naseuntur,
1192 745 1199 760 ·

61 849 64 856 ’
96 848 188 892 cum
214 828 255 892 in
279 828 391 902 aliis,
414 826 505 890 licat
529 847 641 910 saepe
659 827 791 905 sanis,
812 834 899 912 post
919 849 1063 894 annum
1073 834 1154 916 pri·

100 953 233 1016 mum,
253 933 481 1014 secundum,
500 932 562 995 vel
582 935 620 994 et
646 927 794 996 tardius
816 939 1085 1018 prorumpunt.

184 1096 400 1164 Succedunt
417 1093 552 1160 lacteis
571 1093 752 1159 dentibus
783 1095 1028 1180 secundarii,
1051 1115 1153 1180 per·

7 1273 8 1276 Ἴ
100 1201 240 1266 man'e
254 1205 365 1265 ntes
377 1247 388 1282 ,
406 1199 506 1286 quod
526 1201 616 1264 inda
636 1201 684 1263 ab
706 1219 807 1263 anno
828 1179 1062 1288 s'extousque
1082 1227 1155 1292 pu·

102 1307 270 1374 bert‘atis
294 1312 446 1392 tempus
464 1306 621 1372 accidit.
645 1304 824 1368 Folliculi
843 1304 945 1368 enim
974 1309 1153 1386 secunda.

102 1411 178 1489 rii,
208 1411 319 1486 infra¹
340 1411 509 1476 alveolos
531 1409 702 1494 priores,
726 1408 842 1489 paulo
859 1411 991 1474 tamen
1012 1411 1150 1476 interi·

99 1535 144 1578 us
163 1513 365 1588 collocuti,
388 1513 429 1578 in
454 1513 667 1598 embryone
684 1513 854 1576 humano
882 1512 960 1596 jam
991 1513 1151 1600 dispici·

96 1622 239 1692 untur,
253 1615 414 1680 eandem
430 1614 623 1696 ,habentes
635 1633 719 1678 cum
734 1615 929 1698 prioribus
947 1619 1151 1684 fabricam·

97 1720 329 1786 Lacteorum
347 1737 484 1801 nempe
503 1717 692 1792 folliculi,
711 1717 779 1782 ubi
810 1719 956 1784 evoluti
983 1723 1151 1804 perfecte
1194 1805 1197 1816 Ι

97 1829 218 1902 sunt,
242 1830 286 1887 ut
304 1824 433 1890 Bianti
451 1821 499 1904 (l.
525 1843 555 1884 c.
574 1841 610 1906 p.
629 1821 704 1910 38.)
725 1821 853 1898 docet,
874 1843 994 1890 novos
1023 1823 1149 1890 denti·

101 1947 169 1990 nm
186 1927 499 2010 permanentium
509 1925 952 2008 protruduntfolliculos
961 1969 972 2002 ,
984 1929 1050 2014 qui
1064 1949 1150 1994 cum

102 2029 203 2106 illis,
222 2037 409 2116 tanquam
426 2027 700 2112 productiones
718 2049 850 2094 eorum
861 2070 872 2104 ,
891 2035 994 2094 arcte
1014 2033 1150 2096 cohae-

97 2140 185 2199 rent
196 2174 207 2208 ,
222 2153 365 2218 parque
385 2133 562 2208 foramen
573 2175 583 2208 ,
604 2131 706 2216 quod
724 2132 766 2196 in
780 2153 896 2198 osseo
917 2134 1066 2200 alveolo
1079 2153 1148 2218 po·

52 2250 55 2258 '
101 2247 151 2301 na
170 2219 354 2304 incisivos
374 2242 412 2302 et
431 2237 634 2321 angulares
657 2242 812 2316 manet,
835 2239 1149 2320 communicant3

98 2342 143 2408 in
171 2341 380 2408 molarium
417 2341 593 2406 dentium
621 2341 810 2415 folliculis
836 2341 1068 2411 immediate
1092 2349 1151 2410 est

28 2485 30 2494 ,
94 2445 200 2510 inter
215 2435 413 2528 primos'at
430 2441 611 2508 secundos
633 2445 943 2512 communicatio.
963 2447 1149 2514 Forman·
1178 2444 1182 2458 '
1253 2469 1256 2476 ·

97 2573 164 2632 tur
184 2555 224 2616 in
233 2554 295 2618 his
305 2552 503 2627 folliculis,
523 2557 566 2616 ut
582 2551 623 2614 in
636 2552 995 2634 prioribus,dentes
1012 2575 1145 2622 secun·

95 2657 224 2734 darii,
243 2657 380 2742 quihus
401 2655 448 2720 ad
466 2656 639 2742 aliquam
665 2659 944 2740 perfectionem
965 2663 1145 2740 evolutis,

97 2759 339 2840 sepimenta,
358 2777 454 2844 quae
472 2757 562 2822 illos
583 2779 604 2820 a
623 2759 757 2824 lacteis
783 2759 993 2845 sejungunt
1018 2761 1147 2830 denti·

97 2860 185 2937 bus,
199 2867 427 2943 premuntur
437 2859 611 2934 ,undeni
628 2861 754 2926 minus
766 2863 1013 2940 nutriuntur,
1024 2867 1150 2932 conci*

100 2961 538 3054 tatisquelymphaticis
561 2964 730 3036 vasculis
738 3007 750 3040 ,
772 2964 919 3030 radices
935 2985 1066 3030 eorum
1081 2969 1150 3032 ab·

97 3068 317 3132 sorbentur.
349 3065 491 3134 Eodem
519 3074 694 3152 tempore
722 3071 908 3134 maxillae
937 3075 975 3135 at
1004 3073 1148 3144 alveoli

98 3177 298 3246 crescunt,
315 3184 390 3257 'quo
410 3169 526 3234 lactei
547 3170 705 3250 dentes,
724 3173 915 3256 absorptis
940 3195 1010 3262 pro
1037 3181 1152 3258 parte

98 3294 233 3340 eorum
264 3267 424 3338 alveolis
452 3273 710 3340 et'radicihus
734 3317 745 3354 ,
772 3277 930 3344 firmum
954 3268 1147 3346 'amittunt
1269 3333 1273 3340 ,

96 3377 293 3460 positum,
314 3383 427 3462 atque
446 3378 680 3444 secundariis
708 3399 775 3462 per
806 3389 1022 3450 memorata
1043 3383 1159 3452 fors.

98 3481 209 3548 mina
231 3480 311 3562 tam
339 3481 560 3562 productis,
576 3483 638 3545 vel
656 3503 747 3550 vero
772 3484 905 3560 eodem
939 3485 1021 3554 loco
1059 3505 1149 3556 mox

99 3582 413 3658 succedentibus,
433 3579 636 3648 excidunt.''

176 3749 370 3817 Prodeant
392 3751 523 3819 dentes
537 3727 1150 3841 permanentessequanteserms·

90 3857 246 3926 ordines
263 3859 363 3948 circa
378 3861 497 3928 linem
512 3865 715 3930 annisexti
725 3865 937 3946 plurimum
950 3909 960 3942 ,
972 3865 1081 3936 velat
1092 3865 1150 3929 sia
1258 3867 1262 3875 '

91 3965 172 4030 tius
184 3971 251 4029 aut
261 3963 410 4032 tardius
420 3971 562 4036 tertius
575 3959 1031 4054 molaris,annoseptimo
1049 3971 1150 4034 inci·
1223 3965 1225 3978 '

90 4067 1151 4160 sivimadiiflmaxillaainfars'orisetsuparisris,demum
1193 4063 1196 4070 ¹

67 4172 248 4240 .incisivi
283 4179 490 4269 laterales,
518 4179 688 4264 primum
721 4199 792 4264 par
823 4181 1057 4254 molarium,
1091 4201 1151 4242 ses
1232 4233 1234 4238 s
1276 4215 1311 4276 ι’

91 4280 259 4347 cundum
290 4283 398 4365 dein,
433 4307 475 4352 ac
505 4287 662 4352 tandem
689 4289 895 4372 angulares
934 4289 1150 4370 erumpunt
1195 4303 1198 4311 ·

6 4405 7 4408 ¹
85 4379 235 4455 dentes.
260 4385 450 4478 Quartum
465 4409 538 4480 parw
560 4393 776 4462 molanum
797 4391 1070 4482 utplurimum
1087 4390 1153 4459 in·
