2912 5000
412 373 864 476 nr'seroorrrenrrorr.
1098 421 1164 496 413

110 563 203 614 nus
227 549 274 612 et
295 545 470 614 debite
492 547 777 627 animatus,
799 551 950 631 prout
970 547 1162 616 vitalis

112 647 605 734 etsanushumorin
637 648 856 716 vivente
883 653 1169 734 'tantumet

111 751 439 838 eanoparari
473 757 646 838 potest
678 767 907 836 corpore.

192 913 244 978 Eo
273 919 407 977 autem
436 911 541 978 redit
570 905 880 992 adsimilati‘onis,
907 891 1093 1002 id'opus,
1118 927 1169 990 ut

12 1087 13 1090 Ἴ
108 1013 246 1101 chylus
265 1020 303 1081 et
321 1015 484 1102 lympha
507 1015 555 1080 ad
578 1019 761 1084 altiorem
783 1017 1052 1102 provehantur
1075 1026 1162 1088 uni-

107 1106 225 1185 malie
247 1123 411 1184 naturae
433 1119 617 1204 gradums
638 1139 741 1206 aqua
763 1119 1034 1201 deminuatur,
1054 1115 1162 1210 gela·

106 1223 195 1288 tina
214 1223 258 1292 in
276 1224 478 1300 albumen,
499 1230 537 1288 et
556 1221 690 1301 hocin
709 1223 900 1322 fihroeum
920 1227 1118 1315 principiu
1208 1289 1212 1300 .

106 1331 442 1406 transmutentur,
464 1349 553 1411 pars
581 1330 701 1392 rubra
730 1333 940 1412 augeatur,
961 1338 999 1396 et
1023 1333 1163 1418 plasti-

107 1450 153 1495 ca
175 1450 307 1496 eorum
326 1430 613 1516 principiorum
640 1430 725 1508 vis,
752 1451 819 1494 seu
850 1431 957 1499 nisus
984 1436 1056 1502 ille
1082 1439 1162 1504 for·

105 1535 275 1602 mativus
299 1533 484 1620 (§.1o8·),
507 1535 723 1604 evolvatur.
747 1537 885 1602 Insunt
908 1537 1066 1623 quidem
1094 1563 1162 1610 ess

105 1637 347 1707 substantiae
367 1639 444 1724 ipsi
462 1639 541 1726 jam
563 1637 677 1723 chyio
699 1637 750 1719 (5.
769 1639 873 1724 308.)
892 1646 931 1704 et
952 1642 1163 1728 lymphae,

106 1762 205 1831 quae
224 1735 378 1828 potiore
401 1743 461 1809 sui
482 1742 595 1828 parte
615 1763 634 1805 e
654 1743 842 1826 sanguine
871 1749 1000 1812 ortum
1025 1751 1161 1838 utique

103 1845 224 1912 hebet
257 1846 321 1932 (ς.
352 1848 487 1930 582.);
516 1846 702 1913 'albumen
732 1850 868 1914 tamen
897 1853 935 1916 et
955 1839 1160 1929 ⁴fibrosnm

107 1953 348 2038 principium
369 1954 521 2020 minore
546 1952 687 2046 adsunt
717 1953 851 2036 copia,
873 1951 994 2037 deque
1026 1975 1162 2021 cruore

105 2057 286 2140 exiguum
307 2055 349 2120 in
370 2059 494 2121 lacteo
515 2056 702 2132 humore,
725 2057 822 2120 ut‘E
834 2075 921 2120 mm
934 2077 952 2120 e
965 2059 1104 2124 rtian
1117 2061 1161 2124 is

106 2159 315 2247 didicimus
345 2159 622 2244 experimentis
655 2155 756 2241 (voi.
787 2143 853 2230 111.
877 2165 1162 2250 p.175.n.f.),

104 2265 294 2350 reperitur
324 2263 545 2350 vestigium.
577 2260 729 2328 Debent
758 2263 892 2348 itaque
924 2267 1020 2332 haec
1051 2269 1160 2333 intra

102 2391 198 2436 vasa
218 2369 462 2456 sanguifera,
483 2364 734 2474 puquonibus
753 2369 978 2454 ceteroquin
1001 2379 1039 2435 et
1065 2372 1156 2437 aliis

104 2473 323 2540 secretariis
344 2470 499 2557 organis
516 2468 836 2554 cooperantibus,
856 2472 1005 2556 augeri:
1025 2475 1052 2538 E
1072 2475 1156 2542 solo
1235 2475 1240 2489 ⁴

81 2585 234 2644 ¹tamen
262 2577 404 2642 azotici
426 2575 604 2656 adcessu‚
626 2579 664 2639 et
693 2575 861 2642 eliorum
893 2577 1153 2669 phlogistico-

97 2701 187 2746 rum
219 2677 486 2745 deminutione
514 2679 579 2744 vel
609 2677 847 2764 oxydatione
888 2683 1031 2766 exponi
1059 2684 1153 2768 hae·

102 2783 266 2850 matosis
294 2782 399 2849 haud
426 2786 579 2868 potest,
602 2775 795 2870 siquidem
827 2788 985 2872 sanguis
1010 2765 1152 2856 humor

99 2888 155 2952 eit
174 2887 235 2951 sui
265 2885 439 2970 generis',
464 2905 533 2969 per
564 2884 670 2950 vitae
700 2887 894 2972 energiam
921 2889 1154 2972 productus,
1266 2901 1268 2932 '

100 2997 139 3056 et
156 2989 268 3055 nulla
284 2991 402 3074 plane
422 2995 505 3054 arte
527 2979 701 3055 chemise
720 2991 956 3084 imitandum
980 2993 1170 3069 continet

97 3095 190 3162 dein
210 3082 404 3178 principia
426 3093 549 3172 talia,
572 3112 667 3180 quae
689 3095 731 3158 in
750 3093 914 3182 lympha
932 3096 1156 3181 desideran-

97 3205 199 3278 tur,
228 3199 426 3278 latentque
460 3195 653 3259 elementa
684 3195 726 3264 in
767 3217 810 3260 eo
845 3195 1028 3276 diuersa,
1058 3221 1162 3286 quae.

98 3321 169 3386 per
199 3315 343 3382 organa
375 3296 582 3360 secretoria
612 3295 654 3360 in
686 3297 800 3362 asida
822 3302 958 3380 varia,
983 3306 1081 3370 sales
1117 3317 1157 3376 et

99 3411 244 3479 terras,
267 3381 467 3488 iniognito
498 3402 655 3487 quidem
683 3402 872 3472 hactenus
903 3407 1042 3490 modo,
1064 3428 1150 3476 mu.

97 3509 180 3578 tari
203 3513 377 3593 possunt.
1059 3542 1062 3548 -
1108 3528 1110 3534 ·

172 3675 283 3759 *Dum
304 3673 399 3740 haec
423 3667 562 3735 eccidit
582 3665 716 3738 vitalis
734 3672 925 3758 'lymphae
944 3678 1164 3738 metamor·'
1274 3713 1276 3718 ,
1389 3723 1393 3735 ,

91 3782 252 3870 phosis,
281 3765 437 3866 ipseque
468 3781 624 3866 sanguis
648 3781 756 3846 velut
771 3775 896 3866 ,nouo
916 3781 1152 3868 providetur

31 3907 34 3912 ·
87 3887 372 3957 nutrimento,
405 3881 615 3948 adoedente
655 3885 886 3967 praeprimis
919 3882 1169 3967 pulmonum*

92 3990 249 4054 actione
273 3988 323 4068 (§.
344 3988 441 4070 338.)
456 3986 708 4060 ,materiales
724 3995 775 4052 ‘et
807 3987 1036 4074 dy'namicae
1070 3985 1152 4066 ejus

88 4089 268 4158 humoris
300 4089 510 4176 qualitates
542 4089 601 4152 ita
622 4097 914 4182 restaurantur,
940 4095 984 4152 ut
1017 4069 1152 4152 conci)

89 4203 180 4262 tare
200 4195 420 4262 functiones
450 4194 605 4278 quasvis
634 4193 763 4259 debite
786 4195 930 4260 valeat.
966 4192 1149 4256 Adverti-

86 4307 163 4404 tur¹
181 4301 274 4376 hine
305 4299 496 4381 maximus
519 4297 563 4367 in
585 4301 784 4390 sensiferis
800 4296 1087 4370 functionibus
1117 4303 1155 4375 et}
1187 4379 1190 4386 ,
