<?xml version="1.0" encoding="UTF-8"?>
<!DOCTYPE html PUBLIC "-//W3C//DTD XHTML 1.0 Transitional//EN"
    "http://www.w3.org/TR/xhtml1/DTD/xhtml1-transitional.dtd">
<html xmlns="http://www.w3.org/1999/xhtml" xml:lang="en" lang="en">
 <head>
  <title>
</title>
<meta http-equiv="Content-Type" content="text/html;charset=utf-8" />
  <meta name='ocr-system' content='tesseract 3.04.00' />
  <meta name='ocr-capabilities' content='ocr_page ocr_carea ocr_par ocr_line ocrx_word'/>
</head>
<body>
  <div class='ocr_page' id='page_1' title='image "./physiologiamedi03lenhgoog_0297.png"; bbox 0 0 2694 4994; ppageno 0'>
   <div class='ocr_carea' id='block_1_1' title="bbox 147 401 1126 532">
    <p class='ocr_par' dir='ltr' id='par_1_1' title="bbox 147 401 1126 532">
     <span class='ocr_line' id='line_1_1' title="bbox 147 401 1126 532; baseline -0.035 -42"><span class='ocrx_word' id='word_1_1' title='bbox 147 477 152 490; x_wconf 94' lang='lat'><strong>.</strong></span> <span class='ocrx_word' id='word_1_2' title='bbox 226 429 293 515; x_wconf 77' lang='lat'><strong>50⁶</strong></span> <span class='ocrx_word' id='word_1_3' title='bbox 376 415 511 532; x_wconf 67' lang='lat' dir='ltr'><strong>11¹⁸&#39;l&#39;</strong></span> <span class='ocrx_word' id='word_1_4' title='bbox 533 409 624 477; x_wconf 80' lang='lat' dir='ltr'><strong>car.</strong></span> <span class='ocrx_word' id='word_1_5' title='bbox 644 403 708 473; x_wconf 85' lang='lat' dir='ltr'><strong>ill.</strong></span> <span class='ocrx_word' id='word_1_6' title='bbox 730 401 789 468; x_wconf 73' lang='lat' dir='ltr'><strong>Dr</strong></span> <span class='ocrx_word' id='word_1_7' title='bbox 815 403 1126 464; x_wconf 72' lang='lat' dir='ltr'><strong>assereremus.</strong></span> 
     </span>
    </p>
   </div>
   <div class='ocr_carea' id='block_1_2' title="bbox 181 534 1342 2492">
    <p class='ocr_par' dir='ltr' id='par_1_2' title="bbox 181 534 1342 2492">
     <span class='ocr_line' id='line_1_2' title="bbox 229 534 1250 640; baseline -0.04 -2"><span class='ocrx_word' id='word_1_8' title='bbox 229 584 406 640; x_wconf 88' lang='lat' dir='ltr'><strong>mucosas</strong></span> <span class='ocrx_word' id='word_1_9' title='bbox 437 561 540 624; x_wconf 84' lang='lat' dir='ltr'><strong>inter</strong></span> <span class='ocrx_word' id='word_1_10' title='bbox 562 537 613 620; x_wconf 61' lang='lat' dir='ltr'><strong>se⁸</strong></span> <span class='ocrx_word' id='word_1_11' title='bbox 631 551 674 615; x_wconf 91' lang='lat' dir='ltr'><strong>in</strong></span> <span class='ocrx_word' id='word_1_12' title='bbox 703 540 891 630; x_wconf 77' lang='lat' dir='ltr'><strong>peculiari</strong></span> <span class='ocrx_word' id='word_1_13' title='bbox 920 556 1068 626; x_wconf 86' lang='lat' dir='ltr'><strong>quoque</strong></span> <span class='ocrx_word' id='word_1_14' title='bbox 1100 534 1250 599; x_wconf 79' lang='lat' dir='ltr'><strong>existunt</strong></span> 
     </span>
     <span class='ocr_line' id='line_1_3' title="bbox 231 627 1250 746; baseline -0.043 -2"><span class='ocrx_word' id='word_1_15' title='bbox 231 686 416 744; x_wconf 85' lang='lat' dir='ltr'><strong>consensu</strong></span> <span class='ocrx_word' id='word_1_16' title='bbox 439 662 508 746; x_wconf 71' lang='lat'><strong>(55.</strong></span> <span class='ocrx_word' id='word_1_17' title='bbox 533 678 607 725; x_wconf 78' lang='lat' dir='ltr'><strong>roo.</strong></span> <span class='ocrx_word' id='word_1_18' title='bbox 632 653 725 734; x_wconf 70' lang='lat'><strong>123.)</strong></span> <span class='ocrx_word' id='word_1_19' title='bbox 738 693 749 729; x_wconf 87' lang='lat'><strong>,</strong></span> <span class='ocrx_word' id='word_1_20' title='bbox 768 644 920 712; x_wconf 75' lang='lat' dir='ltr'>stimuli</span> <span class='ocrx_word' id='word_1_21' title='bbox 941 643 1061 706; x_wconf 89' lang='lat' dir='ltr'><strong>etiam</strong></span> <span class='ocrx_word' id='word_1_22' title='bbox 1083 627 1250 704; x_wconf 81' lang='lat' dir='ltr'><strong>remotio-</strong></span> 
     </span>
     <span class='ocr_line' id='line_1_4' title="bbox 230 741 1254 848; baseline -0.045 0"><span class='ocrx_word' id='word_1_23' title='bbox 230 797 292 848; x_wconf 83' lang='lat' dir='ltr'><strong>res</strong></span> <span class='ocrx_word' id='word_1_24' title='bbox 320 763 641 840; x_wconf 75' lang='lat' dir='ltr'><strong>sternutationem</strong></span> <span class='ocrx_word' id='word_1_25' title='bbox 673 752 859 818; x_wconf 86' lang='lat' dir='ltr'><strong>suscitare</strong></span> <span class='ocrx_word' id='word_1_26' title='bbox 887 745 1031 809; x_wconf 88' lang='lat' dir='ltr'><strong>valent.</strong></span> <span class='ocrx_word' id='word_1_27' title='bbox 1063 741 1154 805; x_wconf 88' lang='lat' dir='ltr'><strong>Inde</strong></span> <span class='ocrx_word' id='word_1_28' title='bbox 1182 760 1254 822; x_wconf 81' lang='lat' dir='ltr'><strong>ergo</strong></span> 
     </span>
     <span class='ocr_line' id='line_1_5' title="bbox 236 839 1256 962; baseline -0.048 -14"><span class='ocrx_word' id='word_1_29' title='bbox 236 885 315 955; x_wconf 89' lang='lat' dir='ltr'><strong>est,</strong></span> <span class='ocrx_word' id='word_1_30' title='bbox 336 869 436 962; x_wconf 85' lang='lat' dir='ltr'><strong>quod</strong></span> <span class='ocrx_word' id='word_1_31' title='bbox 451 867 747 950; x_wconf 86' lang='lat' dir='ltr'><strong>phaenomcnon</strong></span> <span class='ocrx_word' id='word_1_32' title='bbox 769 849 873 914; x_wconf 77' lang='lat' dir='ltr'><strong>idem</strong></span> <span class='ocrx_word' id='word_1_33' title='bbox 893 867 916 910; x_wconf 86' lang='lat' dir='ltr'><strong>a</strong></span> <span class='ocrx_word' id='word_1_34' title='bbox 938 847 1096 917; x_wconf 60' lang='lat' dir='ltr'><strong>samma</strong></span> <span class='ocrx_word' id='word_1_35' title='bbox 1114 839 1256 904; x_wconf 87' lang='lat' dir='ltr'><strong>saburra</strong></span> 
     </span>
     <span class='ocr_line' id='line_1_6' title="bbox 232 939 1258 1051; baseline -0.047 -2"><span class='ocrx_word' id='word_1_36' title='bbox 232 973 463 1051; x_wconf 83' lang='lat' dir='ltr'><strong>ventriculi,</strong></span> <span class='ocrx_word' id='word_1_37' title='bbox 484 967 531 1032; x_wconf 84' lang='lat' dir='ltr'><strong>ab</strong></span> <span class='ocrx_word' id='word_1_38' title='bbox 551 957 769 1028; x_wconf 78' lang='lat' dir='ltr'><strong>adfectione</strong></span> <span class='ocrx_word' id='word_1_39' title='bbox 789 949 1028 1025; x_wconf 84' lang='lat' dir='ltr'><strong>verminosa,</strong></span> <span class='ocrx_word' id='word_1_40' title='bbox 1050 944 1098 1008; x_wconf 86' lang='lat' dir='ltr'><strong>ab</strong></span> <span class='ocrx_word' id='word_1_41' title='bbox 1118 939 1258 1008; x_wconf 87' lang='lat' dir='ltr'><strong>inflem-</strong></span> 
     </span>
     <span class='ocr_line' id='line_1_7' title="bbox 234 1047 1258 1156; baseline -0.043 -5"><span class='ocrx_word' id='word_1_42' title='bbox 234 1083 407 1156; x_wconf 87' lang='lat' dir='ltr'><strong>matione</strong></span> <span class='ocrx_word' id='word_1_43' title='bbox 426 1068 726 1138; x_wconf 88' lang='lat' dir='ltr'><strong>intestinorum,</strong></span> <span class='ocrx_word' id='word_1_44' title='bbox 749 1077 772 1122; x_wconf 87' lang='lat' dir='ltr'><strong>a</strong></span> <span class='ocrx_word' id='word_1_45' title='bbox 790 1051 1000 1120; x_wconf 79' lang='lat' dir='ltr'><strong>menstruis</strong></span> <span class='ocrx_word' id='word_1_46' title='bbox 1028 1047 1258 1129; x_wconf 84' lang='lat' dir='ltr'><strong>interceptis,</strong></span> 
     </span>
     <span class='ocr_line' id='line_1_8' title="bbox 236 1149 1261 1270; baseline -0.044 -16"><span class='ocrx_word' id='word_1_47' title='bbox 236 1213 259 1255; x_wconf 86' lang='lat' dir='ltr'><strong>a</strong></span> <span class='ocrx_word' id='word_1_48' title='bbox 280 1189 395 1270; x_wconf 88' lang='lat' dir='ltr'><strong>partu</strong></span> <span class='ocrx_word' id='word_1_49' title='bbox 413 1171 643 1242; x_wconf 87' lang='lat' dir='ltr'><strong>imminente</strong></span> <span class='ocrx_word' id='word_1_50' title='bbox 667 1167 739 1228; x_wconf 90' lang='lat' dir='ltr'><strong>etc.</strong></span> <span class='ocrx_word' id='word_1_51' title='bbox 768 1157 1003 1228; x_wconf 60' lang='lat' dir='ltr'><strong>concitatore</strong></span> <span class='ocrx_word' id='word_1_52' title='bbox 1024 1173 1069 1216; x_wconf 81' lang='lat' dir='ltr'><strong>ex</strong></span> <span class='ocrx_word' id='word_1_53' title='bbox 1093 1149 1261 1214; x_wconf 76' lang='lat' dir='ltr'><strong>ucetiam</strong></span> 
     </span>
     <span class='ocr_line' id='line_1_9' title="bbox 235 1254 1342 1366; baseline -0.046 -6"><span class='ocrx_word' id='word_1_54' title='bbox 235 1288 403 1364; x_wconf 81' lang='lat' dir='ltr'><strong>adfectio</strong></span> <span class='ocrx_word' id='word_1_55' title='bbox 436 1274 634 1366; x_wconf 86' lang='lat' dir='ltr'><strong>hysterica</strong></span> <span class='ocrx_word' id='word_1_56' title='bbox 665 1273 702 1332; x_wconf 89' lang='lat' dir='ltr'><strong>et</strong></span> <span class='ocrx_word' id='word_1_57' title='bbox 731 1257 1125 1350; x_wconf 78' lang='lat' dir='ltr'><strong>hyponclsondriaca,</strong></span> <span class='ocrx_word' id='word_1_58' title='bbox 1155 1254 1262 1317; x_wconf 84' lang='lat' dir='ltr'><strong>aliae·</strong></span> <span class='ocrx_word' id='word_1_59' title='bbox 1339 1320 1342 1329; x_wconf 33' lang='grc' dir='ltr'>Ι</span> 
     </span>
     <span class='ocr_line' id='line_1_10' title="bbox 181 1354 1342 1484; baseline -0.044 -20"><span class='ocrx_word' id='word_1_60' title='bbox 181 1397 186 1408; x_wconf 83' lang='grc'><strong><em>’</em></strong></span> <span class='ocrx_word' id='word_1_61' title='bbox 237 1417 309 1484; x_wconf 82' lang='lat' dir='ltr'><strong>qua</strong></span> <span class='ocrx_word' id='word_1_62' title='bbox 331 1379 552 1478; x_wconf 81' lang='lat' dir='ltr'><strong>systematis</strong></span> <span class='ocrx_word' id='word_1_63' title='bbox 579 1371 826 1460; x_wconf 77' lang='lat' dir='ltr'><strong>gangliorum</strong></span> <span class='ocrx_word' id='word_1_64' title='bbox 859 1361 1060 1427; x_wconf 75' lang='lat' dir='ltr'><strong>morbosae</strong></span> <span class='ocrx_word' id='word_1_65' title='bbox 1090 1357 1264 1438; x_wconf 86' lang='lat' dir='ltr'><strong>mutatio·</strong></span> <span class='ocrx_word' id='word_1_66' title='bbox 1333 1354 1342 1376; x_wconf 43' lang='lat'><strong>&#39;¹</strong></span> 
     </span>
     <span class='ocr_line' id='line_1_11' title="bbox 234 1459 1266 1568; baseline -0.046 -4"><span class='ocrx_word' id='word_1_67' title='bbox 234 1519 304 1568; x_wconf 81' lang='lat' dir='ltr'><strong>nes</strong></span> <span class='ocrx_word' id='word_1_68' title='bbox 326 1511 410 1558; x_wconf 91' lang='lat' dir='ltr'><strong>cum</strong></span> <span class='ocrx_word' id='word_1_69' title='bbox 430 1477 710 1552; x_wconf 78' lang='lat' dir='ltr'><strong>sternutatione</strong></span> <span class='ocrx_word' id='word_1_70' title='bbox 730 1487 841 1550; x_wconf 82' lang='lat' dir='ltr'><strong>saepe</strong></span> <span class='ocrx_word' id='word_1_71' title='bbox 860 1467 1086 1550; x_wconf 84' lang='lat' dir='ltr'><strong>junguntur.</strong></span> <span class='ocrx_word' id='word_1_72' title='bbox 1105 1459 1171 1522; x_wconf 85' lang='lat' dir='ltr'><strong>Per</strong></span> <span class='ocrx_word' id='word_1_73' title='bbox 1190 1477 1266 1520; x_wconf 87' lang='lat' dir='ltr'><strong>nar-</strong></span> 
     </span>
     <span class='ocr_line' id='line_1_12' title="bbox 238 1557 1268 1670; baseline -0.051 -4"><span class='ocrx_word' id='word_1_74' title='bbox 238 1618 330 1670; x_wconf 88' lang='lat' dir='ltr'><strong>vum</strong></span> <span class='ocrx_word' id='word_1_75' title='bbox 351 1583 679 1656; x_wconf 71' lang='lat' dir='ltr'><strong>naso-oculeum,</strong></span> <span class='ocrx_word' id='word_1_76' title='bbox 703 1571 897 1640; x_wconf 88' lang='lat' dir='ltr'><strong>surculum</strong></span> <span class='ocrx_word' id='word_1_77' title='bbox 920 1563 1059 1650; x_wconf 83' lang='lat' dir='ltr'><strong>quippe</strong></span> <span class='ocrx_word' id='word_1_78' title='bbox 1081 1561 1182 1634; x_wconf 78' lang='lat' dir='ltr'><strong>rami</strong></span> <span class='ocrx_word' id='word_1_79' title='bbox 1199 1557 1268 1642; x_wconf 85' lang='lat' dir='ltr'><strong>pri·</strong></span> 
     </span>
     <span class='ocr_line' id='line_1_13' title="bbox 236 1663 1268 1784; baseline -0.059 -15"><span class='ocrx_word' id='word_1_80' title='bbox 236 1705 294 1774; x_wconf 87' lang='lat' dir='ltr'><strong>mi</strong></span> <span class='ocrx_word' id='word_1_81' title='bbox 312 1696 415 1784; x_wconf 86' lang='lat' dir='ltr'><strong>paris</strong></span> <span class='ocrx_word' id='word_1_82' title='bbox 442 1685 588 1776; x_wconf 87' lang='lat' dir='ltr'><strong>quinti,</strong></span> <span class='ocrx_word' id='word_1_83' title='bbox 607 1675 778 1745; x_wconf 83' lang='lat' dir='ltr'><strong>irritatio</strong></span> <span class='ocrx_word' id='word_1_84' title='bbox 802 1694 846 1736; x_wconf 87' lang='lat' dir='ltr'><strong>ex</strong></span> <span class='ocrx_word' id='word_1_85' title='bbox 872 1670 981 1732; x_wconf 91' lang='lat' dir='ltr'><strong>oculo</strong></span> <span class='ocrx_word' id='word_1_86' title='bbox 1004 1665 1052 1730; x_wconf 84' lang='lat' dir='ltr'><strong>ad</strong></span> <span class='ocrx_word' id='word_1_87' title='bbox 1075 1663 1268 1746; x_wconf 82' lang='lat' dir='ltr'><strong>diaphrag.</strong></span> 
     </span>
     <span class='ocr_line' id='line_1_14' title="bbox 240 1767 1269 1874; baseline -0.046 -1"><span class='ocrx_word' id='word_1_88' title='bbox 240 1825 306 1874; x_wconf 88' lang='lat' dir='ltr'><strong>ma</strong></span> <span class='ocrx_word' id='word_1_89' title='bbox 328 1811 530 1864; x_wconf 87' lang='lat' dir='ltr'><strong>consensus</strong></span> <span class='ocrx_word' id='word_1_90' title='bbox 560 1807 630 1870; x_wconf 89' lang='lat' dir='ltr'><strong>ope</strong></span> <span class='ocrx_word' id='word_1_91' title='bbox 652 1780 911 1865; x_wconf 83' lang='lat' dir='ltr'><strong>propagatur,</strong></span> <span class='ocrx_word' id='word_1_92' title='bbox 930 1767 1031 1834; x_wconf 89' lang='lat' dir='ltr'><strong>unde</strong></span> <span class='ocrx_word' id='word_1_93' title='bbox 1061 1767 1128 1830; x_wconf 84' lang='lat' dir='ltr'><strong>lux</strong></span> <span class='ocrx_word' id='word_1_94' title='bbox 1156 1767 1269 1830; x_wconf 83' lang='lat' dir='ltr'><strong>inten-</strong></span> 
     </span>
     <span class='ocr_line' id='line_1_15' title="bbox 242 1868 1272 1980; baseline -0.048 0"><span class='ocrx_word' id='word_1_95' title='bbox 242 1913 321 1980; x_wconf 86' lang='lat' dir='ltr'><strong>sior</strong></span> <span class='ocrx_word' id='word_1_96' title='bbox 349 1883 672 1968; x_wconf 73' lang='lat' dir='ltr'><strong>sternutationem</strong></span> <span class='ocrx_word' id='word_1_97' title='bbox 711 1879 894 1948; x_wconf 88' lang='lat' dir='ltr'><strong>suscitare</strong></span> <span class='ocrx_word' id='word_1_98' title='bbox 925 1873 1035 1938; x_wconf 88' lang='lat' dir='ltr'><strong>solet.</strong></span> <span class='ocrx_word' id='word_1_99' title='bbox 1077 1872 1143 1932; x_wconf 85' lang='lat' dir='ltr'><strong>Est</strong></span> <span class='ocrx_word' id='word_1_100' title='bbox 1181 1868 1272 1932; x_wconf 85' lang='lat' dir='ltr'><strong>actio</strong></span> 
     </span>
     <span class='ocr_line' id='line_1_16' title="bbox 242 1972 1342 2081; baseline -0.045 -1"><span class='ocrx_word' id='word_1_101' title='bbox 242 2017 337 2081; x_wconf 90' lang='lat' dir='ltr'><strong>haec</strong></span> <span class='ocrx_word' id='word_1_102' title='bbox 365 2013 522 2071; x_wconf 86' lang='lat' dir='ltr'><strong>eatenus</strong></span> <span class='ocrx_word' id='word_1_103' title='bbox 549 1991 746 2078; x_wconf 86' lang='lat' dir='ltr'><strong>proficua,</strong></span> <span class='ocrx_word' id='word_1_104' title='bbox 769 1981 872 2072; x_wconf 85' lang='lat' dir='ltr'><strong>quod</strong></span> <span class='ocrx_word' id='word_1_105' title='bbox 901 1976 1124 2042; x_wconf 84' lang='lat' dir='ltr'><strong>irritantem</strong></span> <span class='ocrx_word' id='word_1_106' title='bbox 1154 1972 1274 2054; x_wconf 84' lang='lat' dir='ltr'><strong>abiget</strong></span> <span class='ocrx_word' id='word_1_107' title='bbox 1341 1981 1342 1984; x_wconf 75' lang='grc'>’</span> 
     </span>
     <span class='ocr_line' id='line_1_17' title="bbox 243 2078 1274 2184; baseline -0.044 -2"><span class='ocrx_word' id='word_1_108' title='bbox 243 2113 467 2184; x_wconf 88' lang='lat' dir='ltr'><strong>stimulum,</strong></span> <span class='ocrx_word' id='word_1_109' title='bbox 480 2093 678 2182; x_wconf 81' lang='lat' dir='ltr'><strong>sanguinis</strong></span> <span class='ocrx_word' id='word_1_110' title='bbox 695 2111 763 2174; x_wconf 86' lang='lat' dir='ltr'><strong>per</strong></span> <span class='ocrx_word' id='word_1_111' title='bbox 779 2087 980 2170; x_wconf 90' lang='lat' dir='ltr'><strong>pulmones</strong></span> <span class='ocrx_word' id='word_1_112' title='bbox 1001 2079 1178 2164; x_wconf 83' lang='lat' dir='ltr'><strong>expediat</strong></span> <span class='ocrx_word' id='word_1_113' title='bbox 1196 2078 1274 2148; x_wconf 83' lang='lat' dir='ltr'><strong>iter,</strong></span> 
     </span>
     <span class='ocr_line' id='line_1_18' title="bbox 247 2184 1274 2286; baseline -0.047 -2"><span class='ocrx_word' id='word_1_114' title='bbox 247 2223 286 2286; x_wconf 86' lang='lat' dir='ltr'><strong>et</strong></span> <span class='ocrx_word' id='word_1_115' title='bbox 306 2196 550 2282; x_wconf 87' lang='lat' dir='ltr'><strong>succutiando</strong></span> <span class='ocrx_word' id='word_1_116' title='bbox 573 2215 707 2279; x_wconf 88' lang='lat' dir='ltr'><strong>corpus</strong></span> <span class='ocrx_word' id='word_1_117' title='bbox 727 2191 830 2255; x_wconf 85' lang='lat' dir='ltr'><strong>vires</strong></span> <span class='ocrx_word' id='word_1_118' title='bbox 851 2184 1134 2272; x_wconf 84' lang='lat' dir='ltr'><strong>quodammodo</strong></span> <span class='ocrx_word' id='word_1_119' title='bbox 1163 2198 1274 2245; x_wconf 87' lang='lat' dir='ltr'><strong>recre·</strong></span> 
     </span>
     <span class='ocr_line' id='line_1_19' title="bbox 246 2286 1277 2384; baseline -0.042 0"><span class='ocrx_word' id='word_1_120' title='bbox 246 2325 297 2384; x_wconf 92' lang='lat' dir='ltr'><strong>et.</strong></span> <span class='ocrx_word' id='word_1_121' title='bbox 320 2311 440 2379; x_wconf 81' lang='lat' dir='ltr'><strong>Nimis</strong></span> <span class='ocrx_word' id='word_1_122' title='bbox 461 2315 594 2373; x_wconf 88' lang='lat' dir='ltr'><strong>tamen</strong></span> <span class='ocrx_word' id='word_1_123' title='bbox 612 2298 787 2363; x_wconf 86' lang='lat' dir='ltr'><strong>violenta</strong></span> <span class='ocrx_word' id='word_1_124' title='bbox 810 2296 847 2354; x_wconf 86' lang='lat' dir='ltr'><strong>et</strong></span> <span class='ocrx_word' id='word_1_125' title='bbox 866 2289 1043 2374; x_wconf 80' lang='lat' dir='ltr'><strong>frequens</strong></span> <span class='ocrx_word' id='word_1_126' title='bbox 1062 2291 1176 2372; x_wconf 81' lang='lat' dir='ltr'><strong>nocet</strong></span> <span class='ocrx_word' id='word_1_127' title='bbox 1192 2286 1277 2344; x_wconf 84' lang='lat' dir='ltr'><strong>ster·</strong></span> 
     </span>
     <span class='ocr_line' id='line_1_20' title="bbox 245 2383 1273 2492; baseline -0.045 -5"><span class='ocrx_word' id='word_1_128' title='bbox 245 2417 399 2488; x_wconf 85' lang='lat' dir='ltr'><strong>nutatio</strong></span> <span class='ocrx_word' id='word_1_129' title='bbox 410 2435 419 2492; x_wconf 88' lang='lat'>;</span> <span class='ocrx_word' id='word_1_130' title='bbox 430 2408 585 2476; x_wconf 79' lang='lat' dir='ltr'><strong>herniae</strong></span> <span class='ocrx_word' id='word_1_131' title='bbox 596 2443 606 2478; x_wconf 90' lang='lat'><em>‚</em></span> <span class='ocrx_word' id='word_1_132' title='bbox 616 2399 818 2484; x_wconf 89' lang='lat' dir='ltr'><strong>prolapsus</strong></span> <span class='ocrx_word' id='word_1_133' title='bbox 831 2434 840 2465; x_wconf 90' lang='lat'>‚</span> <span class='ocrx_word' id='word_1_134' title='bbox 852 2392 1023 2463; x_wconf 80' lang='lat' dir='ltr'><strong>abortus,</strong></span> <span class='ocrx_word' id='word_1_135' title='bbox 1032 2383 1273 2452; x_wconf 86' lang='lat' dir='ltr'><strong>haemorrha-</strong></span> 
     </span>
    </p>
   </div>
   <div class='ocr_carea' id='block_1_3' title="bbox 246 2490 1193 2612">
    <p class='ocr_par' dir='ltr' id='par_1_3' title="bbox 246 2490 1193 2612">
     <span class='ocr_line' id='line_1_21' title="bbox 246 2490 1193 2612; baseline -0.073 -20"><span class='ocrx_word' id='word_1_136' title='bbox 246 2525 331 2612; x_wconf 71' lang='lat' dir='ltr'><strong>giae</strong></span> <span class='ocrx_word' id='word_1_137' title='bbox 353 2524 392 2583; x_wconf 89' lang='lat' dir='ltr'><strong>et</strong></span> <span class='ocrx_word' id='word_1_138' title='bbox 412 2516 578 2578; x_wconf 89' lang='lat' dir='ltr'><strong>mortem</strong></span> <span class='ocrx_word' id='word_1_139' title='bbox 597 2507 733 2590; x_wconf 67' lang='lat' dir='ltr'><strong>ipsam.</strong></span> <span class='ocrx_word' id='word_1_140' title='bbox 747 2495 932 2562; x_wconf 80' lang='lat' dir='ltr'><strong>adducere</strong></span> <span class='ocrx_word' id='word_1_141' title='bbox 967 2495 1094 2574; x_wconf 63' lang='lat' dir='ltr'><strong>potest</strong></span> <span class='ocrx_word' id='word_1_142' title='bbox 1118 2490 1193 2570; x_wconf 44' lang='lat' dir='ltr'><strong>aa).</strong></span> 
     </span>
    </p>
   </div>
   <div class='ocr_carea' id='block_1_4' title="bbox 252 2649 1345 2960">
    <p class='ocr_par' dir='ltr' id='par_1_4' title="bbox 252 2649 1345 2960">
     <span class='ocr_line' id='line_1_22' title="bbox 336 2649 1345 2748; baseline -0.042 -1"><span class='ocrx_word' id='word_1_143' title='bbox 336 2669 602 2748; x_wconf 89' lang='lat' dir='ltr'><strong>Emunctio</strong></span> <span class='ocrx_word' id='word_1_144' title='bbox 623 2662 777 2730; x_wconf 85' lang='lat' dir='ltr'><strong>narium</strong></span> <span class='ocrx_word' id='word_1_145' title='bbox 796 2652 1022 2720; x_wconf 88' lang='lat' dir='ltr'><strong>voluntaria</strong></span> <span class='ocrx_word' id='word_1_146' title='bbox 1050 2649 1204 2732; x_wconf 84' lang='lat' dir='ltr'><strong>penitus</strong></span> <span class='ocrx_word' id='word_1_147' title='bbox 1234 2651 1280 2710; x_wconf 86' lang='lat' dir='ltr'><strong>est</strong></span> <span class='ocrx_word' id='word_1_148' title='bbox 1340 2675 1345 2722; x_wconf 59' lang='grc' dir='ltr'><strong>,ς</strong></span> 
     </span>
     <span class='ocr_line' id='line_1_23' title="bbox 252 2752 1281 2876; baseline -0.045 -20"><span class='ocrx_word' id='word_1_149' title='bbox 252 2788 377 2876; x_wconf 68' lang='lat' dir='ltr'><strong>actio:</strong></span> <span class='ocrx_word' id='word_1_150' title='bbox 395 2775 609 2866; x_wconf 87' lang='lat' dir='ltr'><strong>praemissa</strong></span> <span class='ocrx_word' id='word_1_151' title='bbox 627 2766 732 2831; x_wconf 87' lang='lat' dir='ltr'><strong>enim</strong></span> <span class='ocrx_word' id='word_1_152' title='bbox 751 2755 1011 2842; x_wconf 76' lang='lat' dir='ltr'><strong>inspiratione</strong></span> <span class='ocrx_word' id='word_1_153' title='bbox 1040 2752 1186 2834; x_wconf 86' lang='lat' dir='ltr'><strong>majore</strong></span> <span class='ocrx_word' id='word_1_154' title='bbox 1197 2793 1207 2826; x_wconf 93' lang='lat'>‚</span> <span class='ocrx_word' id='word_1_155' title='bbox 1228 2769 1281 2813; x_wconf 87' lang='lat' dir='ltr'><strong>ore</strong></span> 
     </span>
     <span class='ocr_line' id='line_1_24' title="bbox 255 2851 1282 2960; baseline -0.058 0"><span class='ocrx_word' id='word_1_156' title='bbox 255 2896 419 2960; x_wconf 84' lang='lat' dir='ltr'><strong>clauso,</strong></span> <span class='ocrx_word' id='word_1_157' title='bbox 452 2887 491 2945; x_wconf 81' lang='lat' dir='ltr'><strong>et</strong></span> <span class='ocrx_word' id='word_1_158' title='bbox 522 2873 677 2940; x_wconf 85' lang='lat' dir='ltr'><strong>narium</strong></span> <span class='ocrx_word' id='word_1_159' title='bbox 707 2859 966 2929; x_wconf 83' lang='lat' dir='ltr'><strong>foraminibus</strong></span> <span class='ocrx_word' id='word_1_160' title='bbox 1004 2853 1144 2936; x_wconf 86' lang='lat' dir='ltr'><strong>enticis</strong></span> <span class='ocrx_word' id='word_1_161' title='bbox 1172 2851 1282 2938; x_wconf 63' lang='lat' dir='ltr'><strong>pluri.</strong></span> 
     </span>
    </p>
   </div>
   <div class='ocr_carea' id='block_1_5' title="bbox 213 2961 1345 3170">
    <p class='ocr_par' dir='ltr' id='par_1_5' title="bbox 213 2961 1345 3170">
     <span class='ocr_line' id='line_1_25' title="bbox 213 2961 1345 3068; baseline -0.06 2"><span class='ocrx_word' id='word_1_162' title='bbox 213 3061 216 3068; x_wconf 88' lang='lat'><strong>.</strong></span> <span class='ocrx_word' id='word_1_163' title='bbox 254 3016 363 3066; x_wconf 87' lang='lat' dir='ltr'><strong>mum</strong></span> <span class='ocrx_word' id='word_1_164' title='bbox 385 2977 610 3068; x_wconf 86' lang='lat' dir='ltr'><strong>compressis</strong></span> <span class='ocrx_word' id='word_1_165' title='bbox 634 2979 671 3038; x_wconf 88' lang='lat' dir='ltr'><strong>ct</strong></span> <span class='ocrx_word' id='word_1_166' title='bbox 688 2967 816 3035; x_wconf 86' lang='lat' dir='ltr'><strong>subito</strong></span> <span class='ocrx_word' id='word_1_167' title='bbox 835 2961 977 3046; x_wconf 88' lang='lat' dir='ltr'><strong>apertis</strong></span> <span class='ocrx_word' id='word_1_168' title='bbox 990 3005 1001 3040; x_wconf 92' lang='lat'>,</span> <span class='ocrx_word' id='word_1_169' title='bbox 1013 2963 1079 3024; x_wconf 73' lang='lat' dir='ltr'><strong>air</strong></span> <span class='ocrx_word' id='word_1_170' title='bbox 1098 2978 1166 3041; x_wconf 89' lang='lat' dir='ltr'><strong>per</strong></span> <span class='ocrx_word' id='word_1_171' title='bbox 1186 2975 1282 3020; x_wconf 82' lang='lat' dir='ltr'><strong>naras</strong></span> <span class='ocrx_word' id='word_1_172' title='bbox 1341 2969 1345 2999; x_wconf 71' lang='grc'><strong><em>;</em></strong></span> 
     </span>
     <span class='ocr_line' id='line_1_26' title="bbox 256 3060 1284 3170; baseline -0.057 0"><span class='ocrx_word' id='word_1_173' title='bbox 256 3111 440 3170; x_wconf 85' lang='lat' dir='ltr'><strong>unacum</strong></span> <span class='ocrx_word' id='word_1_174' title='bbox 461 3105 573 3154; x_wconf 85' lang='lat' dir='ltr'><strong>rnuco</strong></span> <span class='ocrx_word' id='word_1_175' title='bbox 596 3098 683 3149; x_wconf 89' lang='lat' dir='ltr'><strong>cum</strong></span> <span class='ocrx_word' id='word_1_176' title='bbox 704 3069 894 3140; x_wconf 84' lang='lat' dir='ltr'><strong>violentia</strong></span> <span class='ocrx_word' id='word_1_177' title='bbox 915 3060 1081 3151; x_wconf 79' lang='lat' dir='ltr'><strong>quatiam</strong></span> <span class='ocrx_word' id='word_1_178' title='bbox 1102 3070 1141 3128; x_wconf 82' lang='lat' dir='ltr'><strong>et</strong></span> <span class='ocrx_word' id='word_1_179' title='bbox 1160 3060 1284 3144; x_wconf 81' lang='lat' dir='ltr'><strong>strepi.</strong></span> 
     </span>
    </p>
   </div>
   <div class='ocr_carea' id='block_1_6' title="bbox 262 3197 546 3285">
    <p class='ocr_par' dir='ltr' id='par_1_6' title="bbox 262 3197 546 3285">
     <span class='ocr_line' id='line_1_27' title="bbox 262 3197 546 3285; baseline -0.074 -11"><span class='ocrx_word' id='word_1_180' title='bbox 262 3214 308 3274; x_wconf 88' lang='lat' dir='ltr'><strong>tu</strong></span> <span class='ocrx_word' id='word_1_181' title='bbox 329 3197 546 3285; x_wconf 83' lang='lat' dir='ltr'><strong>expellitur.</strong></span> 
     </span>
    </p>
   </div>
   <div class='ocr_carea' id='block_1_7' title="bbox 336 3321 1285 3526">
    <p class='ocr_par' dir='ltr' id='par_1_7' title="bbox 336 3321 1285 3526">
     <span class='ocr_line' id='line_1_28' title="bbox 369 3321 1285 3502; baseline -0.04 -88"><span class='ocrx_word' id='word_1_182' title='bbox 369 3351 590 3502; x_wconf 62' lang='grc' dir='ltr'><strong>ἢοξΑΙιΙιΕΒι</strong></span> <span class='ocrx_word' id='word_1_183' title='bbox 606 3344 703 3403; x_wconf 82' lang='lat' dir='ltr'><strong>Elem.</strong></span> <span class='ocrx_word' id='word_1_184' title='bbox 720 3335 807 3415; x_wconf 77' lang='lat' dir='ltr'><strong>phys.</strong></span> <span class='ocrx_word' id='word_1_185' title='bbox 818 3331 869 3388; x_wconf 86' lang='lat'><strong>111.</strong></span> <span class='ocrx_word' id='word_1_186' title='bbox 883 3350 913 3406; x_wconf 90' lang='lat' dir='ltr'><strong>p.</strong></span> <span class='ocrx_word' id='word_1_187' title='bbox 929 3346 995 3402; x_wconf 80' lang='lat'><strong>302.</strong></span> <span class='ocrx_word' id='word_1_188' title='bbox 1008 3329 1037 3406; x_wconf 80' lang='lat'><strong>§.</strong></span> <span class='ocrx_word' id='word_1_189' title='bbox 1054 3328 1098 3402; x_wconf 70' lang='lat' dir='ltr'><strong>gi.</strong></span> <span class='ocrx_word' id='word_1_190' title='bbox 1110 3360 1143 3370; x_wconf 90' lang='lat'><em>-</em></span> <span class='ocrx_word' id='word_1_191' title='bbox 1155 3332 1208 3400; x_wconf 63' lang='lat' dir='ltr'><strong>ss)</strong></span> <span class='ocrx_word' id='word_1_192' title='bbox 1226 3321 1285 3380; x_wconf 84' lang='lat' dir='ltr'><strong>ilii.¹</strong></span> 
     </span>
     <span class='ocr_line' id='line_1_29' title="bbox 336 3449 452 3526; baseline -0.078 -19"><span class='ocrx_word' id='word_1_193' title='bbox 336 3449 405 3526; x_wconf 58' lang='lat' dir='ltr'><strong>poe</strong></span> <span class='ocrx_word' id='word_1_194' title='bbox 444 3479 452 3498; x_wconf 95' lang='lat'><strong>.</strong></span> 
     </span>
    </p>
   </div>
   <div class='ocr_carea' id='block_1_8' title="bbox 627 3601 914 3631">
    <p class='ocr_par' dir='ltr' id='par_1_8' title="bbox 627 3601 914 3631">
     <span class='ocr_line' id='line_1_30' title="bbox 627 3601 914 3631; baseline -0.042 1"><span class='ocrx_word' id='word_1_195' title='bbox 627 3601 914 3631; x_wconf 51' lang='lat' dir='ltr'><strong>m·</strong></span> 
     </span>
    </p>
   </div>
   <div class='ocr_carea' id='block_1_9' title="bbox 277 3721 1345 4277">
    <p class='ocr_par' dir='ltr' id='par_1_9' title="bbox 277 3721 1345 4277">
     <span class='ocr_line' id='line_1_31' title="bbox 277 3721 1345 3816; baseline -0.041 -5"><span class='ocrx_word' id='word_1_196' title='bbox 277 3807 282 3816; x_wconf 84' lang='lat'><em>,</em></span> <span class='ocrx_word' id='word_1_197' title='bbox 372 3756 410 3814; x_wconf 77' lang='grc' dir='ltr'><strong>ὓ.</strong></span> <span class='ocrx_word' id='word_1_198' title='bbox 426 3755 464 3808; x_wconf 81' lang='grc' dir='ltr'><strong>ὓ.</strong></span> <span class='ocrx_word' id='word_1_199' title='bbox 482 3739 670 3802; x_wconf 67' lang='lat' dir='ltr'><strong>menuitur</strong></span> <span class='ocrx_word' id='word_1_200' title='bbox 690 3735 762 3792; x_wconf 74' lang='lat' dir='ltr'><strong>(lise.</strong></span> <span class='ocrx_word' id='word_1_201' title='bbox 790 3733 827 3790; x_wconf 79' lang='lat' dir='ltr'><strong>sle</strong></span> <span class='ocrx_word' id='word_1_202' title='bbox 849 3729 935 3788; x_wconf 84' lang='lat' dir='ltr'><strong>tussi.</strong></span> <span class='ocrx_word' id='word_1_203' title='bbox 963 3721 1095 3794; x_wconf 78' lang='lat' dir='ltr'><strong>Gotting.</strong></span> <span class='ocrx_word' id='word_1_204' title='bbox 1123 3721 1201 3790; x_wconf 72' lang='lat'><strong>1747.</strong></span> <span class='ocrx_word' id='word_1_205' title='bbox 1224 3721 1247 3786; x_wconf 77' lang='grc'><strong>4.</strong></span> <span class='ocrx_word' id='word_1_206' title='bbox 1263 3741 1288 3754; x_wconf 79' lang='lat'><em>-</em></span> <span class='ocrx_word' id='word_1_207' title='bbox 1341 3732 1345 3747; x_wconf 93' lang='lat'>·</span> 
     </span>
     <span class='ocr_line' id='line_1_32' title="bbox 277 3809 1289 3926; baseline -0.046 -20"><span class='ocrx_word' id='word_1_208' title='bbox 277 3899 298 3926; x_wconf 88' lang='lat'><strong>.·</strong></span> <span class='ocrx_word' id='word_1_209' title='bbox 340 3847 408 3905; x_wconf 75' lang='lat' dir='ltr'><strong>sib.</strong></span> <span class='ocrx_word' id='word_1_210' title='bbox 426 3841 463 3898; x_wconf 82' lang='lat' dir='ltr'><strong>de</strong></span> <span class='ocrx_word' id='word_1_211' title='bbox 475 3829 645 3892; x_wconf 68' lang='lat' dir='ltr'><strong>niutau:</strong></span> <span class='ocrx_word' id='word_1_212' title='bbox 664 3824 863 3900; x_wconf 83' lang='lat' dir='ltr'><strong>experimenta</strong></span> <span class='ocrx_word' id='word_1_213' title='bbox 881 3820 912 3874; x_wconf 87' lang='lat' dir='ltr'><strong>in</strong></span> <span class='ocrx_word' id='word_1_214' title='bbox 929 3815 1006 3871; x_wconf 86' lang='lat' dir='ltr'><strong>vivis</strong></span> <span class='ocrx_word' id='word_1_215' title='bbox 1030 3811 1208 3868; x_wconf 84' lang='lat' dir='ltr'><strong>animalibus</strong></span> <span class='ocrx_word' id='word_1_216' title='bbox 1224 3809 1289 3862; x_wconf 79' lang='lat' dir='ltr'><strong>circa</strong></span> 
     </span>
     <span class='ocr_line' id='line_1_33' title="bbox 340 3899 1345 3998; baseline -0.05 -3"><span class='ocrx_word' id='word_1_217' title='bbox 340 3933 433 3994; x_wconf 84' lang='lat' dir='ltr'><strong>tussis</strong></span> <span class='ocrx_word' id='word_1_218' title='bbox 461 3930 572 3998; x_wconf 74' lang='lat' dir='ltr'><strong>organa</strong></span> <span class='ocrx_word' id='word_1_219' title='bbox 595 3915 745 3972; x_wconf 86' lang='lat' dir='ltr'><strong>instituta.</strong></span> <span class='ocrx_word' id='word_1_220' title='bbox 771 3910 904 3982; x_wconf 79' lang='lat' dir='ltr'><strong>Gotting.</strong></span> <span class='ocrx_word' id='word_1_221' title='bbox 927 3907 1007 3977; x_wconf 81' lang='lat'><strong>1751.</strong></span> <span class='ocrx_word' id='word_1_222' title='bbox 1029 3907 1056 3971; x_wconf 75' lang='grc'><strong>4.</strong></span> <span class='ocrx_word' id='word_1_223' title='bbox 1073 3933 1106 3942; x_wconf 99' lang='grc'>-</span> <span class='ocrx_word' id='word_1_224' title='bbox 1124 3900 1192 3956; x_wconf 84' lang='lat' dir='ltr'><strong>Joh.</strong></span> <span class='ocrx_word' id='word_1_225' title='bbox 1209 3899 1289 3952; x_wconf 75' lang='lat' dir='ltr'><strong>Maur.</strong></span> <span class='ocrx_word' id='word_1_226' title='bbox 1341 3942 1345 3953; x_wconf 91' lang='grc'>,</span> 
     </span>
     <span class='ocr_line' id='line_1_34' title="bbox 341 3987 1291 4084; baseline -0.044 -3"><span class='ocrx_word' id='word_1_227' title='bbox 341 4011 572 4081; x_wconf 64' lang='lat' dir='ltr'><strong>floruimus:</strong></span> <span class='ocrx_word' id='word_1_228' title='bbox 591 4003 830 4084; x_wconf 69' lang='lat' dir='ltr'><strong>ptarmogrephia</strong></span> <span class='ocrx_word' id='word_1_229' title='bbox 857 3998 988 4076; x_wconf 81' lang='lat' dir='ltr'><strong>physici.</strong></span> <span class='ocrx_word' id='word_1_230' title='bbox 1009 3989 1092 4070; x_wconf 76' lang='lat' dir='ltr'><strong>pa&#39;th·</strong></span> <span class='ocrx_word' id='word_1_231' title='bbox 1109 3995 1222 4066; x_wconf 74' lang='lat' dir='ltr'><strong>therap,</strong></span> <span class='ocrx_word' id='word_1_232' title='bbox 1242 3987 1291 4040; x_wconf 76' lang='lat' dir='ltr'><strong>Alt-</strong></span> 
     </span>
     <span class='ocr_line' id='line_1_35' title="bbox 344 4075 1290 4177; baseline -0.044 -7"><span class='ocrx_word' id='word_1_233' title='bbox 344 4111 427 4170; x_wconf 77' lang='lat' dir='ltr'><strong>(lori.</strong></span> <span class='ocrx_word' id='word_1_234' title='bbox 447 4121 523 4177; x_wconf 76' lang='lat'><strong>1710.</strong></span> <span class='ocrx_word' id='word_1_235' title='bbox 540 4111 569 4166; x_wconf 71' lang='grc' dir='ltr'><strong>Δ.</strong></span> <span class='ocrx_word' id='word_1_236' title='bbox 587 4129 622 4141; x_wconf 87' lang='grc'>-</span> <span class='ocrx_word' id='word_1_237' title='bbox 640 4099 668 4156; x_wconf 86' lang='lat' dir='ltr'><strong>J.</strong></span> <span class='ocrx_word' id='word_1_238' title='bbox 692 4096 730 4150; x_wconf 77' lang='lat' dir='ltr'><strong>A.</strong></span> <span class='ocrx_word' id='word_1_239' title='bbox 746 4091 891 4150; x_wconf 76' lang='lat' dir='ltr'><strong>Uuzuu:</strong></span> <span class='ocrx_word' id='word_1_240' title='bbox 911 4085 947 4142; x_wconf 86' lang='lat' dir='ltr'><strong>dc</strong></span> <span class='ocrx_word' id='word_1_241' title='bbox 971 4083 1198 4142; x_wconf 83' lang='lat' dir='ltr'><strong>sternutatione.</strong></span> <span class='ocrx_word' id='word_1_242' title='bbox 1215 4075 1290 4132; x_wconf 81' lang='lat' dir='ltr'><strong>Besil.</strong></span> 
     </span>
     <span class='ocr_line' id='line_1_36' title="bbox 347 4163 1291 4277; baseline -0.049 -15"><span class='ocrx_word' id='word_1_243' title='bbox 347 4205 426 4277; x_wconf 79' lang='lat'><strong>¹7⁵5·</strong></span> <span class='ocrx_word' id='word_1_244' title='bbox 444 4203 472 4268; x_wconf 80' lang='grc'><strong>4.</strong></span> <span class='ocrx_word' id='word_1_245' title='bbox 493 4224 527 4237; x_wconf 86' lang='lat'>-</span> <span class='ocrx_word' id='word_1_246' title='bbox 543 4195 573 4255; x_wconf 81' lang='lat' dir='ltr'><strong>J.</strong></span> <span class='ocrx_word' id='word_1_247' title='bbox 593 4191 632 4250; x_wconf 86' lang='lat' dir='ltr'><strong>D.</strong></span> <span class='ocrx_word' id='word_1_248' title='bbox 657 4181 861 4248; x_wconf 78' lang='lat' dir='ltr'>METZGER,</span> <span class='ocrx_word' id='word_1_249' title='bbox 879 4191 959 4250; x_wconf 83' lang='lat' dir='ltr'><strong>resp.</strong></span> <span class='ocrx_word' id='word_1_250' title='bbox 986 4175 1025 4239; x_wconf 83' lang='grc' dir='ltr'><strong>ὓ.</strong></span> <span class='ocrx_word' id='word_1_251' title='bbox 1040 4173 1076 4230; x_wconf 80' lang='grc' dir='ltr'><strong>Ε.</strong></span> <span class='ocrx_word' id='word_1_252' title='bbox 1095 4163 1291 4228; x_wconf 68' lang='lat' dir='ltr'><strong>lilh&#39;rl&#39;USS:</strong></span> 
     </span>
    </p>
   </div>
   <div class='ocr_carea' id='block_1_10' title="bbox 348 4268 920 4352">
    <p class='ocr_par' dir='ltr' id='par_1_10' title="bbox 348 4268 920 4352">
     <span class='ocr_line' id='line_1_37' title="bbox 348 4268 920 4352; baseline -0.058 1"><span class='ocrx_word' id='word_1_253' title='bbox 348 4294 387 4352; x_wconf 78' lang='lat' dir='ltr'><strong>de</strong></span> <span class='ocrx_word' id='word_1_254' title='bbox 404 4283 630 4348; x_wconf 77' lang='lat' dir='ltr'><strong>sternutatione.</strong></span> <span class='ocrx_word' id='word_1_255' title='bbox 644 4269 874 4344; x_wconf 52' lang='lat' dir='ltr'><strong>Regiomaeswi.</strong></span> <span class='ocrx_word' id='word_1_256' title='bbox 892 4268 920 4323; x_wconf 79' lang='lat'><strong>8.</strong></span> 
     </span>
    </p>
   </div>
   <div class='ocr_carea' id='block_1_11' title="bbox 0 0 1392 4994">
    <p class='ocr_par' dir='ltr' id='par_1_11' title="bbox 0 0 1392 4994">
     <span class='ocr_line' id='line_1_38' title="bbox 0 0 1392 4994; baseline 0 0"><span class='ocrx_word' id='word_1_257' title='bbox 0 0 1392 4994; x_wconf 95' lang='lat' dir='ltr'><strong> </strong></span> 
     </span>
    </p>
   </div>
   <div class='ocr_carea' id='block_1_12' title="bbox 1340 3840 1352 4452">
    <p class='ocr_par' dir='ltr' id='par_1_12' title="bbox 1340 3840 1352 4452">
     <span class='ocr_line' id='line_1_39' title="bbox 1340 3840 1352 4452; baseline 0 0"><span class='ocrx_word' id='word_1_258' title='bbox 1340 3840 1352 4452; x_wconf 95' lang='lat' dir='ltr'><strong> </strong></span> 
     </span>
    </p>
   </div>
  </div>
 </body>
</html>
