2898 4992
264 367 329 444 468
368 372 456 438 Lrs.
477 371 505 436 1.
525 371 618 442 car.
632 370 761 444 VLDs
783 385 969 438 erucerre
993 387 1220 446 sisennus.

710 543 739 615 5·
782 555 858 622 399·

404 719 668 790 Circuitus
692 721 897 809 inventi
917 722 1175 798 historia.¹

351 880 537 947 credebat
574 886 660 945 tota
688 882 902 970 antiquitas
941 887 1033 966 post
1064 881 1307 969 Praxago-

262 1008 396 1062 ram,
429 985 781 1066 Herophilum
819 993 857 1052 et
893 966 1307 1067 Erasistratum,

260 1109 426 1176 pneuma
451 1085 730 1172 spirituosum‚
750 1089 792 1155 in
822 1091 1072 1174 pulmonibus
1104 1096 1283 1172 peratum
1296 1138 1308 1173 ,

212 1203 216 1211 ‘
261 1193 309 1258 ad
332 1214 396 1258 cor
414 1193 639 1269 sinistrum,
661 1201 699 1258 et
720 1194 810 1258 inde
826 1195 877 1258 -in
893 1191 1062 1260 'arterias
1083 1194 1200 1272 ferri,
1219 1199 1307 1260 nul·

259 1299 417 1383 lumque
438 1301 666 1382 sanguinem
688 1298 730 1360 in
751 1296 813 1361 hie
838 1297 1039 1362 contineri·
1052 1297 1067 1374 <
1076 1305 1104 1374 §.
1125 1314 1177 1378 27.
1191 1300 1308 1384 n.4.);

259 1423 377 1466 venas
409 1395 686 1476 autem'solaa,
708 1421 727 1464 e
753 1403 894 1485 hepate
923 1404 1045 1479 ortas,
1076 1401 1307 1484 sanguinem

259 1507 303 1570 in
320 1526 364 1570 eo
391 1506 533 1570 viscere
566 1511 814 1589 generatum,
831 1504 877 1568 'in
907 1503 1133 1569 universum
1154 1504 1303 1568 deferre

261 1627 408 1692 corpus.
450 1611 584 1672 Latuit
607 1609 727 1672 etiam
748 1627 859 1680 verus
889 1605 1089 1691 sanguinis
1121 1605 1303 1672 circuitus

257 1835 395 1892 num,
417 1816 483 1899 qui
511 1811 795 1896 Herophilo
818 1811 1205 1879 etErasistrato
1238 1815 1306 1880 vix

256 1921 526 2009 perfectiorem
556 1916 1303 2003 habuitvasorumsanguiferorumcog-

254 2023 467 2096 nitionem,
505 2021 596 2084 licet
617 2025 876 2104 anastomoses
895 2037 1011 2084 venas
1031 2022 1133 2086 inter
1154 2025 1191 2084 et
1205 2027 1306 2086 arte·

244 2125 336 2190 “rias
375 2125 539 2188 existere
571 2123 810 2204 adverteret,
842 2143 885 2188 eo
914 2121 1014 2198 fine,
1044 2129 1088 2188 ut
1115 2125 1305 2208 putabat,

258 2229 513 2304 constitutae,
534 2235 578 2294 ut
603 2250 722 2294 venae
753 2227 1023 2313 respirationis
1046 2227 1181 2292 fierent
1211 2249 1303 2312 par·

257 2332 396 2420 ticipes
416 2338 470 2423 ¹³).
494 2335 625 2399 Seculo
646 2332 799 2398 demum
816 2333 919 2410 XVI,
937 2337 1141 2418 postquam
1154 2335 1307 2396 Besan-

258 2455 359 2522 ean,
378 2441 650 2516 Euemeares,
673 2441 898 2516 Fsssorrs,
918 2443 1093 2514 Assum,
1117 2441 1302 2506 Genusus

257 2547 329 2607 etc.
354 2543 478 2609 cordis
499 2549 751 2608 etvenarum
780 2541 1020 2629 quarundam
1041 2529 1217 2606 valvulas
1243 2543 1306 2606 de·

256 2647 476 2726 texissent,
510 2650 649 2714 Paulus
679 2668 779 2726 vero,
804 2651 924 2714 Seuer
956 2656 993 2714 et
1021 2650 1233 2715 Fassrerus
1262 2650 1304 2714 in

252 2751 449 2837 plerisque
470 2746 638 2836 corporis
658 2754 767 2818 venis
789 2754 905 2836 paulo
927 2753 1049 2840 serius
1073 2755 1208 2838 (1574.)
1240 2755 1306 2819 de·

255 2854 500 2936 scripsissent
531 2856 592 2943 (5.
617 2865 669 2928 28·
700 2876 738 2920 n‘.
758 2871 788 2936 7.
804 2854 1024 2946 ),'jamque
1054 2855 1304 2940 agnouissent

254 2957 471 3030 anatomici
489 2960 634 3044 plures,
655 2957 882 3042 sanguinem
902 2959 943 3024 in
975 2959 1130 3024 arteriis
1151 2978 1303 3044 quoquo

255 3049 471 3136 contineri,
491 3059 540 3125 ad
560 3079 694 3125 veram
717 3059 898 3124 circuitus
924 3061 1118 3126 rationem
1140 3059 1302 3124 adcede-

166 3237 168 3242 ,
254 3179 297 3224 re
323 3159 398 3224 visi
427 3145 518 3225 sunt
541 3166 712 3228 naturae
741 3168 995 3241 scrutatores3
1016 3163 1305 3228 verumtamen

255 3281 390 3326 earum
414 3247 662 3338 dalvuierum
685 3283 797 3328 usum
822 3264 986 3330 necdum
1004 3269 1303 3348 perspexerunt,

253 3386 325 3430 nec
357 3366 473 3444 adeo,
505 3366 849 3436 effatis-Gelani
885 3369 1054 3434 nimium
1085 3369 1305 3454 ceteroquin

256 3471 545 3551 adhaerentes,
573 3475 771 3561 sanguinis
803 3465 1119 3561 genuinum‘iter
1148 3492 1307 3539 noscere

254 3579 439 3659 poterant
466 3581 542 3664 ”).

338 3735 614 3803 Praeeuntibus
636 3740 885 3824 Berengar
908 3743 946 3803 et
962 3706 1306 3814 vesaliomieh.

253 3839 444 3906 Ssquro
459 3841 644 3920 ,ostendit
654 3886 666 3920 ,
685 3849 837 3928 septum
870 3836 995 3906 cordis
1019 3839 1129 3904 nulla
1148 3837 1303 3904 ratione

254 3944 440 4030 pervium¹
454 3964 533 4008 esse
545 3988 558 4022 ,
585 3945 756 4030 adeoque
785 3945 1014 4032 sanguinem
1037 3963 1057 4009 e
1083 3939 1195 4008 corde
1215 3937 1306 4005 dex·

252 4039 314 4110 tro
334 4046 378 4110 in
409 4045 611 4112 sinistrum
641 4048 807 4136 transire
827 4046 933 4112 haud
953 4067 1092 4132 posse,
1113 4065 1189 4134 quo
1213 4063 1306 4108 con-

251 4147 437 4213 stabilito
458 4147 643 4215 viridem
666 4149 809 4236 (1552.)
835 4151 1040 4216 circuitum
1058 4169 1127 4232 per
1150 4147 1305 4234 pulmo·

134 4321 140 4334 ,
254 4273 322 4321 uss
347 4254 511 4324 invenit,
534 4255 718 4341 Exposuit
746 4255 951 4324 circuitum
971 4243 1137 4340 parvum
1161 4257 1307 4338 septem
