2840 4994
239 407 348 470 saer.
362 401 480 468 11.Da
495 411 1009 468 misectur-arnnocurrr.
1103 408 1145 490 43

109 554 204 624 um,
231 544 451 630 miramque
481 539 725 624 conjunxerit
758 561 844 608 cum
874 544 1146 622 masticatione

93 651 361 734 'voluptatema
822 635 826 654 ’

545 839 573 912 s·
616 847 691 914 273·

105 1045 112 1056 '
210 1037 1028 1107 Glandulae-salivales.Saliva.

181 1205 401 1272 Ostendant
440 1223 623 1290 magnam
651 1207 798 1271 salivae
829 1193 1062 1290 dignitatem
1105 1229 1142 1274 a·

99 1306 311 1373 nimalium
357 1310 526 1384 classes,
571 1308 763 1396 siquidem
791 1308 1040 1391 plurimae,
1078 1311 1138 1392 pi·

105 1412 225 1476 scibus
248 1413 371 1474 ferme
391 1418 429 1475 et
458 1413 546 1478 aliis
574 1399 821 1496 paucioribus
855 1413 1057 1478 ordinibus
1083 1435 1145 1477 ex·
1270 1457 1275 1470 s

108 1515 244 1596 ceptis,
274 1516 430 1598 organis
463 1517 681 1600 gaudeant,
703 1515 906 1580 humorem
939 1515 1059 1579 istum
1089 1537 1148 1580 ss·

106 1617 344 1682 cernentibus
368 1662 381 1696 ,
404 1619 540 1704 inque*
562 1619 639 1683 oris
672 1637 809 1682 cavum
846 1614 1146 1682 effundentibus.

99 1721 156 1800 ,Ea
178 1719 394 1796 animalia,
416 1740 513 1806 quac
534 1721 664 1788 cibum
693 1718 770 1784 no'n
792 1721 1040 1786 masticatum
1063 1724 1146 1786 sins

105 1843 208 1890 mora
229 1823 475 1906 deglutiunt,
498 1830 538 1888 at
565 1829 739 1908 gustatus
771 1823 1035 1896 destituuntur
1057 1845 1168 1906 sen·,

105 1939 164 2006 sul
187 1928 378 1992 minorem
398 1927 548 1994 salivae
580 1929 726 1994 habent
755 1933 1052 2008 necessitatem,
1074 1951 1142 1996 nac

105 2035 181 2096 tam
218 2030 400 2112 perfectis
432 2030 678 2112 instruuntur
717 2031 944 2098 salivalibus
977 2033 1149 2116 organis.

75 2167 77 2174 v
107 2133 192 2198 Inde
214 2133 335 2200 etiam
356 2138 438 2207 est,
462 2131 563 2218 quod
593 2131 738 2198 bestias
768 2134 1151 2224 cibo'vegeiabiliu*

106 2243 248 2310 tentes,
271 2236 477 2321 glandulas
506 2236 688 2301 salivalcs
707 2237 879 2302 habeant
909 2239 1033 2326 magis
1062 2257 1148 2321 per·
1209 2325 1215 2338 Ι

107 2341 225 2406 rectas
246 2357 362 2428 quam
393 2340 509 2416 illae,
533 2359 630 2426 quac
661 2341 747 2409 cibo
772 2346 977 2410 vescuntur
998 2344 1148 2410 anima-

106 2445 137 2508 li
156 2448 211 2534 ⁴).

182 2609 424 2691 Praempuae
445 2605 623 2682 salivales
645 2605 869 2692 glandulae,
893 2627 989 2696 quae
1010 2607 1050 2672 in
1077 2609 1149 2673 ho-

112 2713 213 2778 mine
234 2713 505 2798 reperiuntur,
525 2713 639 2796 paria
663 2715 903 2778 constituunt
922 2715 1011 2778 tria.
1045 2713 1148 2777 Reli.

111 2819 193 2902 quis
212 2817 338 2902 major
360 2823 417 2880 est
436 2835 555 2900 paro
568 2817 660 2894 tis,
682 2815 828 2899 figurae
858 2817 1003 2891 ovalis,
1026 2815 1067 2879 in
1091 2817 1151 2878 la-

23 2907 24 2914 *
112 2926 188 2987 tere
209 2919 362 3004 singulo
386 2923 564 2982 cavatum
586 2915 720 2984 ten'ens
748 2898 938 3004 spatium,
963 2917 1063 3002 quod
1091 2915 1152 2980 in'·

106 3027 162 3088 ter
183 3027 354 3088 meatum
372 3007 630 3097 auditorium,
643 3043 863 3105 processum
883 3019 1155 3098 mastoideum,

1201 2883 1207 2915 l

108 3130 315 3214 condylum
337 3127 522 3191 maxillae
541 3126 739 3194 inferioris
770 3134 808 3191 et
829 3126 946 3209 hujus
967 3125 1153 3210 angulum

108 3236 249 3301 existit.
295 3232 491 3299 Incumbit
522 3236 695 3298 musculo
723 3233 930 3297 masseteri
965 3239 1004 3297 et
1045 3233 1152 3300 arcui

107 3345 312 3425 maxillae3
334 3342 563 3427 producitur
584 3348 805 3404 antrorsum
828 3339 870 3402 in
903 3357 1046 3403 cornua
1067 3337 1155 3412 duo,

109 3465 268 3531 quorum
302 3445 477 3528 superius
505 3461 789 3528 nonnunquam
817 3461 840 3504 a
860 3441 1014 3526 reliqua
1037 3442 1155 3522 glan·

109 3546 197 3614 dula
216 3554 436 3632 separatum
455 3549 570 3630 plane
595 3533 654 3610 est
680 3544 861 3628 (parotis
889 3541 1151 3628 accessoria„

110 3669 222 3716 cornu
246 3671 339 3716 vero
360 3650 523 3714 inferius
546 3668 630 3712 cum
664 3647 940 3737 submaxillari
969 3646 1155 3730 glandula

23 3753 24 3760 '
109 3767 216 3839 'saepe
236 3754 420 3840 jungitur.
441 3753 695 3836 componitur
715 3753 810 3816 haec
829 3731 1154 3834 glandula‘acini's

112 3849 296 3944 copiosis‘,
318 3861 359 3928 in
380 3859 538 3946 lobulos.
566 3857 730 3940 majores
752 3856 804 3938 (l.
828 3857 920 3940 198.)
933 3855 1152 3930 „rubicun-

23 4043 24 4062 ,
112 3960 174 4028 dos
196 3965 426 4048 compactis,
449 3963 637 4048 firmoque
659 3947 767 4026 textu
789 3957 970 4023 calluloso
992 3955 1165 4056 conjun-‘

114 4066 193 4134 ctis.
233 4068 287 4130 Ex
317 4067 437 4132 acinis
469 4066 518 4130 iis
549 4063 693 4128 surculi
726 4065 938 4126 nascuntur
967 4075 1149 4122 vasorum

23 4225 24 4250 ,
113 4157 329 4234 salivalium
350 4211 360 4246 ,
385 4168 450 4258 qui
487 4167 789 4232 excretoriorum
825 4180 1005 4229 vasorum
1045 4179 1151 4227 mora
1247 4221 1252 4246 ,

116 4267 161 4353 (l-
186 4273 300 4362 199.),
326 4274 367 4342 in
399 4273 604 4344 ductum
627 4264 1150 4351 Stenonianum(conf.
