2956 4996
284 313 394 378 seor.
414 310 514 378 Lm
533 323 703 377 onorius
724 323 866 378 seren
883 327 1136 384 roeerrrnrs.
1178 333 1243 404 ¹15

196 461 305 525 nicee
332 458 548 542 superiores
578 461 616 518 et
639 455 864 532 inferiores,
890 460 989 544 quee'
1018 463 1121 528 remi
1150 469 1241 528 sunt

198 568 330 628 eortee
359 560 502 642 ipsius3
524 555 713 622 edcedunt
746 557 866 622 etiem
895 565 1149 650 mammertus
1178 565 1240 629 in.

196 673 330 732 ternee
349 667 475 746 remi,
494 664 1011 749 perieerdieco-phrenicee,
1034 677 1149 757 etque
1178 691 1240 738 er·

196 767 319 832 toriae
349 767 543 830 lumberes
565 771 603 828 et
632 763 910 828 intercosteles.
941 767 1064 831 Venee
1083 767 1241 852 phreni-

197 891 264 935 cee
284 869 510 956 sanguinem
531 867 749 932 revehunt
739 887 778 930 rn
806 885 946 932 venam
976 855 1109 934 ceveni
1140 873 1240 940 infe·

194 949 375 1050 morem,
407 971 681 1036 memmeriem
719 971 950 1053 internam,
980 987 1140 1062 orygem
1171 984 1242 1042 etc.

195 1077 314 1144 Nervi
335 1074 669 1170 diaphragmetis,
691 1073 921 1156 organicum
943 1082 1112 1158 systema
1137 1097 1245 1144 cum·

196 1179 385 1250 cerebreli
407 1177 682 1260 conjungentes
708 1174 759 1258 (ς.
783 1177 893 1259 181.·),
912 1175 953 1240 id
973 1175 1178 1260 efficiunt,
1197 1188 1241 1248 ut

196 1281 393 1346 musculus
426 1279 499 1344 iste
524 1279 688 1342 mixtam
719 1278 865 1342 habret
896 1278 1238 1366 irritabilitatem,

183 1383 478 1448 ,autometicem
516 1387 554 1444 et
588 1380 866 1444 voluntariam.
901 1379 1106 1447 Phrenicus
1136 1385 1242 1452 enim

195 1507 334 1552 nervus
366 1489 407 1550 in
440 1483 659 1550 abdominis
700 1505 792 1548 cavo
821 1483 1014 1548 radiculos
1046 1487 1188 1574 occipit
1218 1510 1242 1556 e

193 1593 309 1674 plexu
332 1587 457 1652 reneli
480 1591 517 1650 et
538 1586 707 1652 coeliaco
722 1587 1129 1670 superiore;forment
1151 1590 1241 1658 dein

196 1691 400 1758 filomente
430 1691 524 1755 haec
553 1689 685 1770 plexus
709 1687 1063 1774 diaphragmeticos
1094 1693 1145 1774 (ς.
1167 1702 1240 1766 180.

196 1812 235 1860 n.
257 1796 326 1885 7.,)
351 1793 521 1880 quicum
542 1791 701 1880 reliquis
723 1791 935 1878 junguntur
954 1795 1177 1862 abdominis
1199 1793 1256 1864 et

197 1899 368 1966 thoracis
399 1897 589 2016 plexibus
630 1891 845 1982 Adsurgens
875 1917 944 1982 per
974 1898 1144 1966 thoracis
1179 1921 1243 1966 ce-

195 2021 289 2084 yum
311 2001 421 2066 nervi
451 2001 629 2086 phoenici
660 2007 839 2076 truncus,
861 1999 967 2066 intre
998 2003 1173 2085 pleurem
1201 2010 1239 2071 et

194 2105 456 2194 pericerdium
487 2103 754 2190 progreditur,
785 2102 960 2187 jungitur
989 2124 1119 2170 rursus
1152 2125 1238 2174 cum

194 2231 314 2278 nervo
342 2211 590 2294 sympathico
622 2209 684 2274 vel
707 2228 792 2272 cum
823 2207 990 2294 gengliis
1017 2210 1120 2294 ejus,
1138 2214 1238 2279 reci·

193 2315 254 2398 pit
273 2314 441 2378 surculos
463 2315 511 2378 eb
533 2311 676 2378 arteria
700 2316 738 2376 et
757 2329 855 2376 vene
884 2311 1107 2392 subclevie,
1130 2335 1153 2379 e
1171 2337 1239 2380 ve·
1261 2370 1265 2379 .
1381 2367 1384 2374 .

195 2437 248 2486 ne
277 2435 373 2480 cave
402 2420 493 2509 etqe
512 2411 760 2512 perterrito,
788 2412 1035 2498 conjungitur
1064 2419 1239 2500 superius
1340 2409 1343 2414 ¹

146 2575 174 2602 ,,
196 2537 282 2582 cum
309 2539 427 2582 nervo
459 2535 587 2608 vago,
611 2522 649 2582 et
680 2515 824 2580 desinit
851 2513 1008 2581 tandem
1041 2517 1083 2582 in
1112 2522 1231 2586 tertio

195 2622 259 2688 vel
291 2625 428 2708 quarto
467 2619 669 2695 cervicali,
699 2621 763 2684 vel
802 2639 894 2686 vero
926 2619 968 2684 in
996 2620 1231 2708 hypoglosso

193 2743 325 2789 nervo.

278 2863 592 2930 Irritebilitetem
614 2863 922 2968 diaphragmetis
941 2884 1009 2949 per
1029 2865 1239 2950 phrenicos

192 2970 401 3056 gubernari
435 2969 603 3048 nervos,
634 2969 700 3051 qui
733 2987 819 3030 oum
857 2966 962 3030 vesis
1003 2969 1238 3052 sanguiieris

192 3072 452 3138 substantiam
488 3071 567 3155 ejus
607 3071 806 3143 subeunt,
839 3070 1113 3152 experimentis
1153 3071 1238 3154 ipse

192 3176 272 3261 jem
304 3167 1236 3258 Galenus('§.27.n.10.)‚·etpluresrecen-
1334 3255 1337 3266 Ι
1462 3221 1463 3265 ;

192 3281 414 3345 tioreeevo
442 3278 691 3344 ostenderunt
722 3285 886 3343 naturae
916 3282 1146 3342 scrutatores
1172 3281 1237 3366 h).

193 3383 371 3450 Si.enim
402 3401 540 3446 nervus
574 3379 810 3464 phrenicus,
841 3379 1071 3446 in‘tborece
1100 3383 1162 3446 vel
1191 3383 1235 3449 in

194 3488 293 3552 collo
320 3487 521 3560 inventus,
541 3482 582 3546 in
608 3483 774 3558 enimeli
801 3501 921 3567 nuper
950 3483 1137 3548 exstincto
1165 3493 1234 3570 eut

172 3597 363 3682 'spirante
403 3591 533 3686 edhuc
564 3591 772 3666 irritetur,
801 3591 1057 3678 diephregrne
1084 3598 1233 3668 totum,
1296 3593 1300 3601 “

193 3698 313 3778 etism
345 3693 558 3778 quiescens,
585 3695 840 3773 convellitur3
871 3714 915 3759 eo
936 3695 1081 3777 ,eutem
1115 3715 1234 3765 nervo

190 3787 429 3882 compresso,
451 3797 572 3881 ligato
595 3803 662 3860 eut
689 3804 855 3872 resecto,
877 3795 1011 3862 vitalis
1036 3797 1115 3879 eius
1145 3819 1230 3866 mu·

188 3905 287 3972 sculi
308 3903 489 3967 ectivites
511 3902 639 3968 subito
662 3904 841 3979 tollitur,
858 3923 927 3968 nec
955 3921 1228 3995 commovetur,

90 4067 92 4074 .
189 4007 259 4072 ubi
287 4027 401 4090 supra
429 4005 640 4072 laesionem
663 4007 843 4072 stimulus
868 4007 1098 4087 adhibetur,
1126 4017 1229 4100 quod

138 4121 149 4148 ⁸
189 4118 322 4176 temen
348 4109 515 4186 eccidit,
539 4112 607 4176 ubi
640 4111 930 4200 irritementum
961 4116 1065 4179 inire
1099 4116 1228 4182 locum

119 4231 122 4238 “
189 4219 422 4310 impeditum
443 4216 686 4305 appliceturs
707 4219 810 4288 redit
833 4226 964 4288 eutem
983 4223 1148 4294 musculi
1171 4225 1238 4303 oi·-x

1400 4171 1423 4214 δ
