2840 4994
298 453 341 523 aa
404 435 1249 510 Lini.cir.1.Desrrrrrur;snsurrrrorr.

293 571 520 654 Possuut'hi
546 583 712 648 musculi
742 583 945 647 maxillam
969 583 1091 647 etiam
1125 567 1350 646 antrorsurn
1403 669 1404 672 Ἴ

296 693 336 752 et
369 695 580 754 retrorsum
613 691 845 772 movere-33)
864 689 1070 773 M.ptery
1083 685 1257 771 goidei
1279 685 1350 750 in-

294 791 456 868 terni,
480 792 527 856 ad
557 790 785 856 interiorem
814 790 997 854 maxillae
1027 790 1168 853 faciem
1203 786 1348 866 locati;

294 895 472 959 oriuntur
501 895 668 958 infossa
700 891 977 978 pterygoidea,
1001 896 1039 954 et
1066 891 1276 956 densinunt
1301 889 1347 953 in
1404 881 1405 916 f

295 1016 405 1061 arcus
438 996 622 1062 maxillae
650 995 940 1062 interna‘facie.
976 989 1183 1059 Adtollunt
1204 992 1349 1055 maxil-

243 1153 254 1191 ·.
295 1100 450 1174 lam,et
472 1097 589 1161 simul
607 1105 828 1162 antrorsum
848 1101 887 1160 et
920 1103 1133 1162 retrorsum
1169 1093 1350 1160 trahunt.
1405 1133 1406 1140 κ

260 1202 336 1285 ’·4)
369 1204 419 1266 Μ.
451 1198 795 1286 pterygoidei
828 1191 1271 1284 exte'rni‚utrinque
1313 1221 1340 1264 a

293 1321 473 1389 processu
496 1305 748 1390 pterygoideo
765 1312 920 1370 externo
943 1307 1044 1382 orti,
1065 1307 1169 1371 infra
1188 1324 1344 1390 proces·
1406 1314 1407 1356 l

294 1427 379 1472 sum
414 1407 711 1492 condyloideum
731 1409 771 1474 in
800 1405 985 1478 maxillae
1006 1429 1136 1474 arcum
1164 1411 1345 1475 inserun-

295 1516 373 1580 tur.
396 1511 599 1576 Adducunt
622 1511 847 1591 maxillam,
868 1518 907 1576 et
935 1531 1014 1574 una
1042 1511 1090 1576 ad
1111 1513 1233 1575 latera
1259 1533 1347 1574 mo·

287 1621 399 1702 luent.
423 1613 632 1678 Deducitur
662 1615 822 1678 maxilla
853 1609 1149 1698 cooperantibus
1169 1615 1255 1679 biv
1271 1636 1347 1678 en-

293 1721 372 1781 tre
395 1737 496 1782 max.
518 1718 632 1782 infer.
659 1724 697 1782 et
718 1717 980 1816 latissimo
1005 1719 1148 1784 colli.

382 1880 476 1943 Cum
498 1879 561 1944 illi
590 1886 711 1965 agunt
738 1881 925 1961 musculi,
949 1881 1017 1966 qui
1039 1882 1242 1948 maxillam
1275 1883 1352 1947 eds

160 1983 163 2002 ¹
263 2007 265 2014 ’
293 1984 467 2062 tollunt,
489 1983 568 2045 cibi
590 1983 769 2048 dentibus
795 1982 962 2061 subiecti
988 1967 1227 2050 dividuntur.
1260 1987 1347 2052 Uti·

165 2141 170 2150 .
294 2105 381 2178 mur
404 2083 578 2148 incisivis
602 2089 797 2176 tanquam¹
812 2085 960 2168 forcipe
981 2084 1199 2160 scindente,
1224 2105 1347 2170 angu-

290 2187 442 2252 laribus
469 2205 538 2269 pro
560 2185 816 2252 dilacerandis
849 2190 1026 2271 partibus
1054 2191 1341 2271 tenacioribus,
1409 2194 1410 2198 ’

295 2287 410 2374 atque
441 2290 655 2368 molaribus
676 2310 744 2374 pro
775 2291 1081 2358 comminuendia
1105 2301 1144 2358 et
1172 2303 1345 2360 commo*

229 2389 243 2478 ſs
294 2393 418 2458 lendis
470 2394 567 2458 cibis
606 2394 838 2460 durioribus.
884 2396 1060 2460 Priorum
1100 2389 1199 2461 actio
1238 2403 1344 2462 recto

86 2547 90 2556 ,
208 2509 209 2513 ’
292 2491 478 2559 maxillae
503 2503 636 2578 motu,
659 2496 829 2582 adeoque
856 2499 1038 2562 musculis
1059 2492 1346 2566 ‘masseteribus

291 2593 516 2681 perficitur3
539 2601 771 2682 posteriores
791 2600 945 2686 laterali
971 2605 1010 2662 et
1037 2601 1225 2666 rotatorio
1257 2622 1344 2664 mo-

286 2705 336 2766 ·tu
370 2703 447 2768 sibi
479 2703 731 2780 adteruntur,
754 2707 956 2790 agentibus
990 2687 1132 2789 quippe
1151 2701 1342 2776 ¹musculis

288 2805 556 2890 pterygoidais
591 2813 628 2870 et
655 2808 949 2890 temporalibus.
995 2808 1175 2873 Gaudent
1207 2809 1343 2867 autem

291 2912 336 2979 iri
357 2911 519 2975 musculi
541 2910 740 2993 stupendis
763 2911 938 2975 viribusr
963 2911 1107 2978 etenim
1133 2907 1343 2994 putamina

293 3012 524 3086 durissima,
549 3012 763 3075 molaribus
800 3013 1005 3096 praecipua
1039 3012 1218 3106 dentibus
1248 3011 1344 3072 sub-

288 3119 420 3206 jecta,
443 3121 571 3201 subigi
600 3126 786 3203 possunt,
809 3120 900 3210 licet
931 3118 1095 3186 musculi
1126 3117 1269 3195 iidem,
1297 3123 1344 3183 ut

284 3241 356 3286 suo
382 3241 612 3304 exponemus
644 3223 750 3295 loco,
774 3241 860 3286 oum
887 3221 1056 3286 maximo
1079 3220 1236 3288 virium
1259 3219 1342 3283 dis-

224 3405 229 3411 ,
288 3323 431 3414 pendia
469 3332 685 3409 operentur.
716 3325 790 3395 sub
815 3325 887 3388 hac
908 3323 1095 3404 ciborum
1118 3322 1346 3388 subactione

288 3429 470 3494 humores
502 3429 711 3514 inquilini,
743 3447 908 3508 munus,
942 3420 1174 3494 arteriarum
1209 3441 1345 3492 serosa

290 3531 487 3627 exhalatio
516 3537 554 3595 et
581 3531 717 3610 saliva
735 3529 1008 3605 admiscentur,
1055 3532 1188 3596 Debet
1201 3523 1348 3619 ‘itaque

289 3633 465 3714 operatio
488 3635 583 3702 haec
614 3640 800 3720 tanquam
830 3635 958 3718 prima
990 3629 1230 3722 digestionis
1252 3655 1347 3702 con.

294 3738 461 3807 siderari
482 3760 592 3823 pars,
613 3758 710 3825 quae
732 3742 814 3810 sine
837 3743 952 3826 gravi
985 3741 1197 3809 ventriculi
1223 3745 1262 3804 et
1294 3762 1340 3804 o.

168 3919 173 3930 ¹
286 3843 390 3906 mnis
402 3845 867 3936 reproductiviprocessus
894 3843 1034 3929 damno
1063 3849 1207 3934 negligi
1236 3848 1346 3914 haud

251 3994 253 3999 ,
288 3948 433 4029 potest·
470 3947 560 4010 Inde
592 3948 714 4032 igitur
738 3955 817 4024 est,
841 3953 942 4036 quod
963 3951 1070 4015 cibus
1102 3953 1199 4015 hene
1220 3950 1342 4014 suba-

290 4049 373 4110 ctus
397 4045 553 4116 facilius
577 4049 798 4135 digeratur,
819 4058 858 4117 et
877 4053 1053 4138 parciore
1077 4054 1196 4117 etiam
1216 4070 1340 4136 quan·

289 4149 406 4224 litate
430 4151 565 4221 melius
586 4155 744 4222 nutriat.
770 4143 884 4222 Exeo
912 4156 1029 4220 etiam
1053 4163 1109 4222 est
1122 4155 1246 4242 ‚quod
1268 4176 1339 4219 nav

265 4337 267 4340 Ι
288 4252 381 4324 tura
397 4255 563 4343 provida
579 4255 774 4352 singulare
795 4259 906 4328 nobis
925 4260 1068 4347 largita
1096 4259 1148 4327 sit
1165 4257 1337 4348 praemi·
