2892 5004
253 411 305 482 to
339 415 428 482 Lus·
447 413 478 490 1.,
497 418 586 482 csr'.
598 413 644 480 11.
657 415 716 480 Dr
739 425 935 486 scrutur.
956 427 1221 487 rrcusrrous.

252 556 388 624 Altera
408 567 464 625 est
481 580 520 626 m
530 580 581 624 us
594 578 611 622 c
624 579 645 622 o
658 559 765 622 losa
778 555 928 628 ,tunica
941 599 951 634 ,
969 557 1081 640 fibris
1113 568 1297 628 constans
1312 607 1314 612 -

251 665 491 739 rarioribus,
514 662 693 726 celluloso
713 665 819 724 textu
833 643 1014 726 connexis
1028 701 1039 737 ,
1053 663 1101 726 ab
1113 666 1301 748 oesopha-

192 837 195 849 ,
251 787 301 854 go
319 768 533 851 plurimum
557 765 778 849 productis,
799 762 842 828 in
859 737 963 829 sanis*
987 786 1065 831 non
1084 767 1161 831 nisi
1180 775 1220 832 et
1237 775 1300 833 to·

249 871 348 934 rosis
366 867 580 933 individuis
604 863 834 948 conspicuis.
855 863 1041 954 Effioiunt
1060 865 1182 930 fibrae
1201 868 1303 934 istae

250 970 396 1054 triplex
414 969 534 1033 ferme
546 973 713 1033 stratum
724 968 799 1054 ”):
812 961 1017 1048 extimum,
1030 969 1300 1053 longitudine·

245 1071 362 1147 lium,
375 1073 423 1136 ab
435 1065 651 1156 oesopha'go
662 1071 814 1155 potiore
824 1074 946 1160 'parte
965 1069 1242 1154 productarum
1252 1077 1302 1151 ,a

251 1175 386 1240 cardia
403 1176 507 1242 'ultra
524 1178 705 1261 pylorum
729 1175 770 1240 in
798 1173 1017 1240 duodenum
1044 1177 1293 1260 procedenti·

243 1297 316 1342 um
327 1322 339 1355 ,
366 1277 482 1364 inque
501 1277 718 1344 ventriculo
735 1275 818 1360 ipso
840 1276 1015 1362 penicilli
1030 1277 1214 1345 ‚adinstar
1239 1280 1301 1344 di·

135 1410 136 1420 ¹
245 1403 490 1468 spersarum3
510 1388 677 1448 stratum
699 1379 872 1444 medium
890 1382 1121 1447 transversis
1144 1387 1298 1449 constat

249 1493 288 1554 et
307 1487 562 1553 torosioribus
581 1485 716 1560 fibris,
736 1503 832 1570 quae
850 1487 1065 1550 multumse
1086 1495 1219 1552 mutuo
1232 1489 1298 1554 de·

243 1598 400 1658 cussant
413 1619 424 1670 ,¹
436 1592 636 1676 ipsumque
648 1587 911 1654 ventriculum
931 1589 1087 1678 obliqpe
1100 1593 1294 1674 ambiunt3

242 1695 434 1760 intimum
453 1693 615 1778 denique
632 1697 797 1756 stratum
819 1692 1071 1758 circularibus
1090 1689 1298 1781 effingitur

122 1815 129 1830 ⁴
244 1793 381 1876 libris',
402 1814 499 1879 quae
523 1796 572 1858 ab
592 1814 668 1858 uno
687 1793 899 1860 ventriculi
922 1813 1013 1860 arcu
1043 1796 1091 1859 ed
1123 1799 1294 1866 alterum

242 1898 385 1964 annuli
405 1897 529 1962 instar
549 1904 794 1981 procurrunt.
814 1896 999 1962 -Tertia
1009 1901 1218 1966 ventriculi
1231 1911 1294 1966 tu·

243 2002 362 2078 nica,
384 2019 592 2074 nervea,
620 1993 934 2064 vasculosas.
963 2001 1294 2091 propriadicta

241 2107 412 2174 intimae
441 2104 652 2189 oesophagi
693 2103 943 2168 membranae
972 2111 1029 2166 est
1069 2103 1292 2186 productio.

239 2208 378 2275 Efficit
391 2209 491 2306 lhaec
509 2207 758 2292 prescipuam
776 2203 967 2269 stomachi
984 2213 1136 2288 partem
1152 2229 1161 2286 ;
1186 2209 1291 2274 colo·

226 2312 299 2377 ¹ris
319 2315 376 2376 est
395 2310 537 2386 lactei,
557 2311 694 2374 ceteris
708 2309 831 2373 multo
852 2306 1034 2398 crassior,
1055 2309 1292 2382 satisfirma.

241 2414 420 2502 (topiosis
441 2414 595 2486 arteriis
620 2412 913 2487 exhalantibus,
941 2414 1087 2498 cryptis
1116 2418 1293 2502 mucipa.

239 2521 326 2598 ris,
347 2521 450 2586 vasis
472 2519 768 2606 absorbentibus
782 2525 821 2584 et
837 2519 964 2586 nervis
984 2520 1298 2604 instructe,mu·

167 2697 170 2704 ,
238 2642 339 2688 nere
369 2623 575 2690 ventriculi
601 2624 808 2705 praecipua
834 2621 946 2708 gerit.
980 2625 1160 2709 lungitur
1187 2629 1292 2694 facie
1344 2677 1351 2708 ,

245 2728 397 2794 extima
415 2748 501 2792 cum
515 2729 651 2794 tunice
663 2729 879 2792 musculosa
901 2751 973 2814 ope
992 2736 1121 2797 textus
1135 2731 1294 2799 cellulo·

239 2831 296 2896 si.
319 2831 446 2896 Facies
460 2829 624 2896 interior
646 2831 1123 2916 epidermidepellucente,
1140 2837 1294 2904 ostiolis

211 2994 214 3004 ,
239 2954 424 2999 vassorum
450 2921 1000 3010 exhalantium‚ductulorum
1015 2939 1294 3008 muciserorum

239 3042 279 3101 et
304 3035 597 3103 absorbentium
615 3056 797 3117 vasorum
812 3041 1012 3121 perforata
1022 3080 1033 3116 ,
1046 3043 1213 3107 vestitur
1229 3048 1292 3108 tu.

240 3128 334 3204 nica
355 3139 548 3205 villosa
573 3139 688 3206 dicta.
712 3141 886 3208 Nectitur
904 3143 1000 3208 haec
1035 3165 1121 3210 cum
1153 3149 1291 3212 tunica

239 3232 405 3326 propria
422 3242 632 3310 ventriculi
651 3263 719 3332 per
738 3245 1119 3312 textumcellulosum
1131 3251 1290 3316 brevem

126 3333 131 3346 ’
193 3427 197 3432 .
240 3347 311 3432 qui
333 3347 497 3431 copiosis
518 3353 763 3432 perreptatur
784 3369 967 3414 vasorum
988 3353 1149 3416 surculis
1162 3354 1288 3426 ,unde

239 3468 331 3514 cum
363 3471 457 3516 vasa
487 3452 582 3524 hesc
611 3451 833 3534 pellucent,
856 3471 1063 3538 versusque
1090 3454 1283 3519 interiora

239 3553 488 3638 prominent,
507 3552 592 3636 ipsa
612 3553 754 3634 villosa¹
770 3553 905 3618 tunica
935 3555 1116 3620 habitum
1148 3555 1290 3638 accipit

40 3663 43 3674 ·
132 3687 136 3708 ·
236 3655 458 3742 byssinum.
503 3659 701 3741 Apparent
736 3661 823 3722 tum
853 3656 896 3721 in
926 3676 1081 3724 mucosa
1100 3701 1112 3735 ,
1137 3664 1222 3722 tum
1243 3660 1287 3726 in
1358 3684 1362 3694 ·

237 3727 385 3822 villosa
420 3757 554 3823 tunica
595 3759 722 3842 plicae
760 3757 959 3842 majores,
990 3760 1039 3826 ab
1069 3762 1288 3848 oesophago

177 3855 180 3862 ’
238 3878 310 3946 per
329 3881 483 3926 omnem
498 3861 710 3928 ventriculi
730 3861 927 3926 ambitum
945 3862 1132 3928 radiatim
1157 3885 1290 3930 excur-

240 3969 387 4043 rentes,
400 3983 497 4052 quas
518 3964 631 4028 varia
650 3985 689 4028 se
707 3962 910 4030 decussant
927 3965 1152 4050 ‹lis-actione,
1165 3965 1291 4050 ipsas·

238 4087 315 4154 qua
341 4072 412 4137 has
446 4070 600 4136 tunicas
630 4073 793 4138 ductiles
823 4071 1013 4151 reddunt,
1036 4077 1140 4142 unde
1161 4080 1288 4160 reple·
1412 4131 1416 4140 .

238 4177 280 4239 to
301 4175 505 4242 stomacho
526 4173 646 4240 stiam
666 4174 877 4258 disparent.
910 4179 1005 4246 Sunt
1036 4181 1138 4247 aliae
1164 4182 1288 4265 plicu-

239 4275 304 4348 lae
329 4275 519 4372 graciles,
548 4293 617 4352 uec
649 4277 788 4352 inflato
813 4281 1014 4368 stomacho
1036 4281 1292 4372 disparentes,
