2956 4996
255 335 717 406 servantissimum.
738 349 851 404 nono
872 351 922 406 ar
945 349 1152 407 esseron.
1193 339 1255 414 267

32 511 50 528 ··
157 531 163 546 ,
212 483 349 548 vitalis
366 483 504 550 saltem
525 481 632 548 adest
657 481 790 566 vigor,
814 481 961 568 duplici
990 484 1152 567 ponitur
1172 501 1256 548 mo-

139 657 146 671 ,
215 583 284 649 dos
305 587 434 655 activa
451 605 588 668 nempe
608 585 887 650 bronchiorum
907 587 1195 663 contractione,
1217 592 1255 652 et

213 689 370 772 passiva
395 690 625 773 pulmonum
652 690 945 772 compressione.
977 691 1148 758 Primum
1168 711 1256 776 per·

212 783 347 857 licitirr
365 792 524 856 elastica
540 809 721 854 vasorum
742 795 942 858 a'e'reorum
963 795 1027 870 vi,
1045 813 1140 880 quae
1169 793 1258 876 pul·

213 913 370 960 monam
400 895 496 960 ilatu
528 901 763 970 tumentem,
784 898 872 960 aiire
904 899 1095 974 emisso,
1119 897 1162 960 in
1196 917 1256 960 ca·

119 1003 122 1010 ’
213 997 355 1065 devere
383 1001 526 1074 etiam,
559 997 608 1060 ad
637 999 765 1062 minus
797 980 1165 1064 reducit'volumen
1193 999 1265 1086 c);·

216 1102 423 1186 praecipue
443 1107 571 1164 autem
593 1101 873 1166 contrahuntur
883 1101 1082 1166 bronchia
1099 1102 1259 1184 propria
1289 1143 1293 1152 .
1347 1098 1352 1110 '

216 1205 512 1278 instabilitate,
533 1203 644 1266 fibris
665 1205 946 1268 muscularibus
971 1205 1196 1268 mechanico
1220 1207 1258 1268 et

214 1307 387 1372 chemico
407 1307 504 1372 ae'ris
528 1309 781 1372 incitamento
800 1307 1016 1373 concitatis.
1040 1310 1164 1371 Tanto
1185 1307 1260 1392 igi-

212 1412 281 1474 tur
308 1410 497 1475 intensior
529 1410 700 1495 sequitur
731 1410 965 1494 exspiratio,
990 1409 1255 1494 quoprofun·

214 1513 302 1580 dior
323 1515 528 1598 praecessit
545 1513 759 1597 adspiratio
771 1553 782 1590 ,
794 1519 981 1601 tantoque
1001 1515 1160 1578 celerius
1179 1513 1259 1596 epi-

215 1619 339 1684 ritum
368 1619 513 1684 ducunt
538 1619 748 1699 animalia,
781 1637 855 1704 qno
886 1619 1081 1701 puriorem
1110 1619 1261 1704 spirant

214 1723 367 1799 adrem
385 1722 590 1784 vehemens
621 1725 750 1784 autem
778 1721 953 1809 sequitur
990 1721 1039 1786 ab
1071 1716 1260 1784 inhalatis

215 1825 368 1890 acribus
390 1825 599 1908 vaporibus
620 1823 854 1906 exspiratio,
875 1824 1002 1890 tussis.

300 1960 543 2030 insufficiens
565 1969 693 2034 tamen
715 1987 759 2032 ea
776 1973 832 2034 est
853 1967 1082 2052 pulmonum
1104 1966 1258 2028 contra·

218 2069 320 2149 ctio,
347 2067 447 2138 unde
465 2089 532 2152 per
554 2069 638 2131 cavi
668 2071 837 2136 thoracis
864 2069 1165 2136 coarctationem
1191 2065 1260 2132 ad·
1289 2083 1292 2091 ’

216 2173 345 2258 juvari
386 2171 512 2236 dehet.
555 2171 669 2236 Redit
698 2193 834 2260 nempe
867 2173 1034 2260 pectoris
1066 2192 1182 2238 cavea
1203 2169 1260 2237 'ad

214 2277 425 2364 pristinam
454 2275 783 2362 amplitudinem,
805 2276 996 2364 siquidem
1027 2297 1094 2362 per
1125 2295 1256 2342 omnes

217 2381 428 2446 diametros
461 2380 736 2460 contrahitur,
767 2381 946 2472 ipsosque
980 2381 1144 2470 stringit
1173 2381 1258 2464 pul·

219 2503 367 2550 mones.
391 2483 571 2548 ltelaxari
592 2485 683 2548 hinc
716 2485 856 2550 debent
885 2492 1034 2569 septum
1061 2489 1256 2550 transver-

219 2605 323 2664 sum,
347 2587 611 2652 intercostales
644 2594 681 2652 et
712 2589 783 2652 alii
816 2595 938 2653 costas
967 2591 1140 2652 levantes
1172 2607 1258 2652 mu·

216 2691 318 2755 sculi
338 2689 390 2770 (ς.
413 2691 523 2776 gra),
541 2697 584 2753 ut
607 2669 986 2778 fibraeipulmonales
1010 2694 1133 2756 multo
1152 2693 1260 2757 debi-

218 2791 358 2868 liores,
387 2811 498 2876 agere
528 2793 688 2874 possint.
722 2795 776 2858 Ea
806 2815 896 2858 vero
923 2791 1112 2858 relaxatio
1145 2795 1259 2859 nobi's

220 2899 339 2968 etiam
360 2899 491 2970 insciis
509 2903 546 2966 et
565 2897 649 2962 sino
666 2900 771 2966 omni
790 2899 1001 2964 voluntatis
1021 2899 1261 2984 operatione,

209 2985 312 3066 ‘dum
333 3003 507 3067 animum
531 3000 579 3064 ad
608 3001 686 3064 alia
712 3001 974 3078 advertimus,
998 3003 1196 3069 insomne
1223 3005 1261 3066 et

218 3107 468 3185 morbis,ubi
489 3105 724 3176 conscientia
742 3105 896 3172 tollitur
904 3125 992 3189 ,per
1013 3127 1144 3170 causes
1163 3124 1259 3188 pau-

218 3211 260 3275 lo
274 3209 379 3292 prius
395 3213 627 3274 memoratas
643 3208 816 3291 ponitur.
841 3209 954 3274 Redit
973 3229 1061 3294 ergo
1080 3229 1159 3278 non
1177 3227 1260 3272 am·

218 3308 321 3397 plius
340 3310 560 3374 lacessitum
582 3308 836 3393 diaphragma
856 3311 896 3374 in
913 3311 1084 3376 thoracis
1108 3329 1273 3390 cavum,

221 3412 569 3500 egentibussimul
597 3410 911 3475 abdominalibus
936 3412 1144 3491 musculis,
1175 3412 1258 3497 qui·
1324 3473 1328 3482 ,

216 3517 288 3583 bus
319 3514 463 3580 ventris
501 3519 680 3578 contenta
711 3535 841 3602 versus
881 3522 1012 3599 pectus
1052 3520 1257 3598 urgentur,
1288 3510 1292 3516 ’

217 3619 423 3724 ipsumque
453 3617 664 3695 abdomen,
685 3617 785 3704 quod
815 3619 883 3682 sub
907 3618 1209 3703 adspiratione
1198 3639 1259 3682 rn-

219 3705 389 3802 tumuit,
419 3721 673 3790 contrahitur.
713 3723 788 3785 Hos
822 3726 952 3786 autem
985 3721 1177 3790 musculos
1209 3719 1259 3785 ad

220 3845 373 3892 omnem
391 3825 708 3909 respirationem,
727 3823 769 3890 in
789 3823 900 3888 virili
927 3824 1131 3906 praecipue
1153 3843 1256 3898 sexu,

218 3929 402 4013 requiri,
432 3929 565 3994 variae
599 3929 736 3992 docent
771 3927 1090 3993 observationes:
1122 3927 1260 3994 resecti
1370 3973 1373 3980 ·

220 4032 324 4098 enim
344 4031 388 4096 hi
408 4029 573 4094 musculi
591 4029 839 4098 laboriosam
849 4026 1014 4094 reddunt
1034 4027 1259 4110 respiratio·

180 4147 184 4162 ’
219 4153 330 4213 nem3
349 4137 560 4220 sequuntur
580 4133 716 4238 gravia
741 4131 914 4216 deliquia
940 4135 977 4192 et
996 4127 1126 4192 subita
1147 4149 1260 4212 saepe

219 4255 322 4305 mors
332 4278 345 4317 ,
362 4236 431 4306 ubi
447 4205 751 4324 hydropicordm
780 4253 922 4322 aquae,
940 4230 1115 4318 neglecta
1137 4231 1259 4302 abdo-
