<?xml version="1.0" encoding="UTF-8"?>
<!DOCTYPE html PUBLIC "-//W3C//DTD XHTML 1.0 Transitional//EN"
    "http://www.w3.org/TR/xhtml1/DTD/xhtml1-transitional.dtd">
<html xmlns="http://www.w3.org/1999/xhtml" xml:lang="en" lang="en">
 <head>
  <title>
</title>
<meta http-equiv="Content-Type" content="text/html;charset=utf-8" />
  <meta name='ocr-system' content='tesseract 3.04.00' />
  <meta name='ocr-capabilities' content='ocr_page ocr_carea ocr_par ocr_line ocrx_word'/>
</head>
<body>
  <div class='ocr_page' id='page_1' title='image "./physiologiamedi03lenhgoog_0431.png"; bbox 0 0 2898 4992; ppageno 0'>
   <div class='ocr_carea' id='block_1_1' title="bbox 247 334 1233 468">
    <p class='ocr_par' dir='ltr' id='par_1_1' title="bbox 247 330 1233 468">
     <span class='ocr_line' id='line_1_1' title="bbox 247 334 1233 468; baseline 0.009 -24"><span class='ocrx_word' id='word_1_1' title='bbox 247 334 342 468; x_wconf 53' lang='grc' dir='ltr'><em>Μ</em></span> <span class='ocrx_word' id='word_1_2' title='bbox 383 387 468 453; x_wconf 83' lang='lat' dir='ltr'><strong>er.</strong></span> <span class='ocrx_word' id='word_1_3' title='bbox 491 384 521 452; x_wconf 90' lang='lat'><strong>1.</strong></span> <span class='ocrx_word' id='word_1_4' title='bbox 543 365 707 453; x_wconf 58' lang='lat' dir='ltr'><strong>carli.</strong></span> <span class='ocrx_word' id='word_1_5' title='bbox 724 383 783 448; x_wconf 83' lang='lat' dir='ltr'><strong>Dr</strong></span> <span class='ocrx_word' id='word_1_6' title='bbox 804 346 986 450; x_wconf 78' lang='lat' dir='ltr'><strong>errerrru</strong></span> <span class='ocrx_word' id='word_1_7' title='bbox 1005 391 1233 453; x_wconf 74' lang='lat' dir='ltr'><strong>streumrs.</strong></span> 
     </span>
    </p>
   </div>
   <div class='ocr_carea' id='block_1_2' title="bbox 175 523 1356 2268">
    <p class='ocr_par' dir='ltr' id='par_1_2' title="bbox 364 523 1325 611">
     <span class='ocr_line' id='line_1_2' title="bbox 364 523 1325 611; baseline 0.003 -23"><span class='ocrx_word' id='word_1_8' title='bbox 364 524 403 611; x_wconf 89' lang='lat'><strong>1)</strong></span> <span class='ocrx_word' id='word_1_9' title='bbox 427 524 659 608; x_wconf 75' lang='lat' dir='ltr'>Sanguinem</span> <span class='ocrx_word' id='word_1_10' title='bbox 680 523 834 588; x_wconf 83' lang='lat' dir='ltr'><strong>acarde</strong></span> <span class='ocrx_word' id='word_1_11' title='bbox 856 545 923 607; x_wconf 89' lang='lat' dir='ltr'><strong>per</strong></span> <span class='ocrx_word' id='word_1_12' title='bbox 955 525 1187 590; x_wconf 75' lang='lat' dir='ltr'><strong>arteriarum</strong></span> <span class='ocrx_word' id='word_1_13' title='bbox 1216 531 1325 592; x_wconf 78' lang='lat' dir='ltr'><strong>trun-</strong></span> 
     </span>
    </p>

    <p class='ocr_par' dir='ltr' id='par_1_3' title="bbox 196 625 1332 1119">
     <span class='ocr_line' id='line_1_3' title="bbox 196 625 1327 712; baseline -0.001 -20"><span class='ocrx_word' id='word_1_14' title='bbox 196 690 198 694; x_wconf 85' lang='grc'><strong>,</strong></span> <span class='ocrx_word' id='word_1_15' title='bbox 284 645 346 692; x_wconf 79' lang='lat' dir='ltr'><strong>eos</strong></span> <span class='ocrx_word' id='word_1_16' title='bbox 367 627 409 694; x_wconf 85' lang='lat' dir='ltr'><strong>in</strong></span> <span class='ocrx_word' id='word_1_17' title='bbox 429 645 690 710; x_wconf 87' lang='lat' dir='ltr'><strong>ramos‚eque</strong></span> <span class='ocrx_word' id='word_1_18' title='bbox 723 625 784 688; x_wconf 91' lang='lat' dir='ltr'><strong>his</strong></span> <span class='ocrx_word' id='word_1_19' title='bbox 808 630 850 696; x_wconf 85' lang='lat' dir='ltr'><strong>in</strong></span> <span class='ocrx_word' id='word_1_20' title='bbox 882 646 975 690; x_wconf 86' lang='lat' dir='ltr'><strong>vasa</strong></span> <span class='ocrx_word' id='word_1_21' title='bbox 1010 628 1214 710; x_wconf 84' lang='lat' dir='ltr'><strong>capillaria</strong></span> <span class='ocrx_word' id='word_1_22' title='bbox 1239 647 1327 712; x_wconf 89' lang='lat' dir='ltr'><strong>pro-</strong></span> 
     </span>
     <span class='ocr_line' id='line_1_4' title="bbox 278 727 1330 813; baseline 0.002 -20"><span class='ocrx_word' id='word_1_23' title='bbox 278 730 453 806; x_wconf 86' lang='lat' dir='ltr'><strong>moveri,</strong></span> <span class='ocrx_word' id='word_1_24' title='bbox 477 730 677 793; x_wconf 82' lang='lat' dir='ltr'><strong>vinculum</strong></span> <span class='ocrx_word' id='word_1_25' title='bbox 697 727 807 792; x_wconf 82' lang='lat' dir='ltr'><strong>docet</strong></span> <span class='ocrx_word' id='word_1_26' title='bbox 830 730 997 795; x_wconf 73' lang='lat' dir='ltr'><strong>arteriae</strong></span> <span class='ocrx_word' id='word_1_27' title='bbox 1020 727 1217 813; x_wconf 79' lang='lat' dir='ltr'><strong>injectum.</strong></span> <span class='ocrx_word' id='word_1_28' title='bbox 1240 733 1330 795; x_wconf 86' lang='lat' dir='ltr'><strong>Ete-</strong></span> 
     </span>
     <span class='ocr_line' id='line_1_5' title="bbox 282 831 1331 910; baseline 0 -14"><span class='ocrx_word' id='word_1_29' title='bbox 282 833 366 896; x_wconf 82' lang='lat' dir='ltr'><strong>nim</strong></span> <span class='ocrx_word' id='word_1_30' title='bbox 388 838 494 908; x_wconf 86' lang='lat' dir='ltr'><strong>tum,</strong></span> <span class='ocrx_word' id='word_1_31' title='bbox 516 831 630 896; x_wconf 89' lang='lat' dir='ltr'><strong>modo</strong></span> <span class='ocrx_word' id='word_1_32' title='bbox 653 831 833 896; x_wconf 77' lang='lat' dir='ltr'><strong>laterales</strong></span> <span class='ocrx_word' id='word_1_33' title='bbox 856 851 935 898; x_wconf 83' lang='lat' dir='ltr'><strong>non</strong></span> <span class='ocrx_word' id='word_1_34' title='bbox 965 832 1100 898; x_wconf 78' lang='lat' dir='ltr'><strong>adsint</strong></span> <span class='ocrx_word' id='word_1_35' title='bbox 1128 833 1252 910; x_wconf 72' lang='lat' dir='ltr'><strong>rami,</strong></span> <span class='ocrx_word' id='word_1_36' title='bbox 1284 853 1331 896; x_wconf 89' lang='lat' dir='ltr'><strong>ea</strong></span> 
     </span>
     <span class='ocr_line' id='line_1_6' title="bbox 282 932 1327 1016; baseline 0.006 -20"><span class='ocrx_word' id='word_1_37' title='bbox 282 932 449 1002; x_wconf 82' lang='lat' dir='ltr'><strong>arteriae</strong></span> <span class='ocrx_word' id='word_1_38' title='bbox 468 951 579 1014; x_wconf 82' lang='lat' dir='ltr'><strong>pars,</strong></span> <span class='ocrx_word' id='word_1_39' title='bbox 600 952 694 1016; x_wconf 91' lang='lat' dir='ltr'><strong>quae</strong></span> <span class='ocrx_word' id='word_1_40' title='bbox 716 952 780 998; x_wconf 87' lang='lat' dir='ltr'><strong>eor</strong></span> <span class='ocrx_word' id='word_1_41' title='bbox 813 935 917 997; x_wconf 84' lang='lat' dir='ltr'><strong>inter</strong></span> <span class='ocrx_word' id='word_1_42' title='bbox 948 939 985 1000; x_wconf 88' lang='lat' dir='ltr'><strong>et</strong></span> <span class='ocrx_word' id='word_1_43' title='bbox 1017 933 1215 998; x_wconf 88' lang='lat' dir='ltr'><strong>vinculum</strong></span> <span class='ocrx_word' id='word_1_44' title='bbox 1246 944 1327 1012; x_wconf 86' lang='lat' dir='ltr'><strong>est,</strong></span> 
     </span>
     <span class='ocr_line' id='line_1_7' title="bbox 283 1035 1332 1119; baseline 0.01 -23"><span class='ocrx_word' id='word_1_45' title='bbox 283 1035 468 1116; x_wconf 80' lang='lat' dir='ltr'><strong>sanguine</strong></span> <span class='ocrx_word' id='word_1_46' title='bbox 491 1039 737 1107; x_wconf 82' lang='lat' dir='ltr'><strong>vehementer</strong></span> <span class='ocrx_word' id='word_1_47' title='bbox 760 1039 955 1119; x_wconf 83' lang='lat' dir='ltr'><strong>repletur,</strong></span> <span class='ocrx_word' id='word_1_48' title='bbox 979 1040 1202 1106; x_wconf 86' lang='lat' dir='ltr'><strong>caeruleseit</strong></span> <span class='ocrx_word' id='word_1_49' title='bbox 1225 1048 1332 1106; x_wconf 89' lang='lat' dir='ltr'><strong>ettu-</strong></span> 
     </span>
    </p>

    <p class='ocr_par' dir='ltr' id='par_1_4' title="bbox 216 1140 1356 1430">
     <span class='ocr_line' id='line_1_8' title="bbox 216 1140 1328 1222; baseline 0.005 -19"><span class='ocrx_word' id='word_1_50' title='bbox 216 1163 220 1174; x_wconf 93' lang='grc'><strong><em>·</em></strong></span> <span class='ocrx_word' id='word_1_51' title='bbox 286 1141 420 1204; x_wconf 91' lang='lat' dir='ltr'><strong>mescit</strong></span> <span class='ocrx_word' id='word_1_52' title='bbox 443 1159 572 1222; x_wconf 78' lang='lat' dir='ltr'><strong>saepe,</strong></span> <span class='ocrx_word' id='word_1_53' title='bbox 597 1146 634 1203; x_wconf 91' lang='lat' dir='ltr'><strong>et</strong></span> <span class='ocrx_word' id='word_1_54' title='bbox 649 1140 803 1222; x_wconf 81' lang='lat' dir='ltr'><strong>projicit</strong></span> <span class='ocrx_word' id='word_1_55' title='bbox 826 1145 999 1208; x_wconf 69' lang='lat' dir='ltr'><strong>cruorem</strong></span> <span class='ocrx_word' id='word_1_56' title='bbox 1022 1143 1180 1210; x_wconf 88' lang='lat' dir='ltr'><strong>vulnere</strong></span> <span class='ocrx_word' id='word_1_57' title='bbox 1203 1145 1328 1209; x_wconf 87' lang='lat' dir='ltr'><strong>incisu</strong></span> 
     </span>
     <span class='ocr_line' id='line_1_9' title="bbox 283 1243 1356 1326; baseline 0.006 -20"><span class='ocrx_word' id='word_1_58' title='bbox 283 1244 457 1314; x_wconf 80' lang='lat' dir='ltr'><strong>maxima</strong></span> <span class='ocrx_word' id='word_1_59' title='bbox 476 1246 528 1308; x_wconf 92' lang='lat' dir='ltr'><strong>vi.</strong></span> <span class='ocrx_word' id='word_1_60' title='bbox 553 1246 694 1313; x_wconf 73' lang='lat' dir='ltr'><strong>(iontra</strong></span> <span class='ocrx_word' id='word_1_61' title='bbox 715 1265 805 1312; x_wconf 82' lang='lat' dir='ltr'><strong>vero</strong></span> <span class='ocrx_word' id='word_1_62' title='bbox 828 1245 970 1308; x_wconf 86' lang='lat' dir='ltr'><strong>arteria</strong></span> <span class='ocrx_word' id='word_1_63' title='bbox 983 1243 1113 1312; x_wconf 87' lang='lat' dir='ltr'><strong>eadem</strong></span> <span class='ocrx_word' id='word_1_64' title='bbox 1129 1247 1234 1311; x_wconf 83' lang='lat' dir='ltr'><strong>intre</strong></span> <span class='ocrx_word' id='word_1_65' title='bbox 1243 1247 1356 1326; x_wconf 49' lang='lat' dir='ltr'><strong>vin„</strong></span> 
     </span>
     <span class='ocr_line' id='line_1_10' title="bbox 285 1339 1335 1430; baseline 0.003 -19"><span class='ocrx_word' id='word_1_66' title='bbox 285 1349 414 1415; x_wconf 78' lang='lat' dir='ltr'><strong>culum</strong></span> <span class='ocrx_word' id='word_1_67' title='bbox 437 1353 473 1411; x_wconf 89' lang='lat' dir='ltr'><strong>et</strong></span> <span class='ocrx_word' id='word_1_68' title='bbox 492 1346 611 1410; x_wconf 83' lang='lat' dir='ltr'><strong>finem</strong></span> <span class='ocrx_word' id='word_1_69' title='bbox 632 1339 844 1420; x_wconf 70' lang='lat' dir='ltr'><strong>extremum</strong></span> <span class='ocrx_word' id='word_1_70' title='bbox 857 1390 866 1422; x_wconf 68' lang='lat'><em>2</em></span> <span class='ocrx_word' id='word_1_71' title='bbox 880 1350 1057 1430; x_wconf 80' lang='lat' dir='ltr'><strong>pallescit</strong></span> <span class='ocrx_word' id='word_1_72' title='bbox 1065 1349 1335 1428; x_wconf 86' lang='lat' dir='ltr'><strong>,detumescit,</strong></span> 
     </span>
    </p>

    <p class='ocr_par' dir='ltr' id='par_1_5' title="bbox 199 1452 1336 1640">
     <span class='ocr_line' id='line_1_11' title="bbox 199 1452 1333 1538; baseline 0.005 -24"><span class='ocrx_word' id='word_1_73' title='bbox 199 1469 201 1476; x_wconf 88' lang='lat'>·</span> <span class='ocrx_word' id='word_1_74' title='bbox 280 1470 352 1528; x_wconf 65' lang='lat' dir='ltr'><strong>pec</strong></span> <span class='ocrx_word' id='word_1_75' title='bbox 371 1453 495 1521; x_wconf 84' lang='lat' dir='ltr'><strong>incisa</strong></span> <span class='ocrx_word' id='word_1_76' title='bbox 515 1452 902 1538; x_wconf 12' lang='lat' dir='ltr'><strong>sanguinemrfundit.</strong></span> <span class='ocrx_word' id='word_1_77' title='bbox 927 1456 1016 1518; x_wconf 85' lang='lat' dir='ltr'><strong>Erat</strong></span> <span class='ocrx_word' id='word_1_78' title='bbox 1038 1459 1164 1518; x_wconf 87' lang='lat' dir='ltr'><strong>autem</strong></span> <span class='ocrx_word' id='word_1_79' title='bbox 1192 1453 1232 1518; x_wconf 92' lang='lat' dir='ltr'><strong>id</strong></span> <span class='ocrx_word' id='word_1_80' title='bbox 1265 1476 1333 1520; x_wconf 83' lang='lat' dir='ltr'><strong>ex·</strong></span> 
     </span>
     <span class='ocr_line' id='line_1_12' title="bbox 282 1545 1336 1640; baseline 0.002 -22"><span class='ocrx_word' id='word_1_81' title='bbox 282 1557 546 1640; x_wconf 79' lang='lat' dir='ltr'><strong>perimentum</strong></span> <span class='ocrx_word' id='word_1_82' title='bbox 561 1561 649 1618; x_wconf 87' lang='lat' dir='ltr'><strong>ante</strong></span> <span class='ocrx_word' id='word_1_83' title='bbox 671 1557 904 1640; x_wconf 76' lang='lat' dir='ltr'><strong>Harueyu</strong></span> <span class='ocrx_word' id='word_1_84' title='bbox 920 1576 958 1624; x_wconf 85' lang='lat' dir='ltr'><strong>m</strong></span> <span class='ocrx_word' id='word_1_85' title='bbox 980 1545 1121 1621; x_wconf 53' lang='lat' dir='ltr'><strong>V&#39;esal</strong></span> <span class='ocrx_word' id='word_1_86' title='bbox 1138 1556 1183 1618; x_wconf 90' lang='lat' dir='ltr'><strong>io</strong></span> <span class='ocrx_word' id='word_1_87' title='bbox 1205 1561 1243 1620; x_wconf 86' lang='lat' dir='ltr'><strong>et</strong></span> <span class='ocrx_word' id='word_1_88' title='bbox 1257 1556 1336 1620; x_wconf 80' lang='lat' dir='ltr'><strong>ali·</strong></span> 
     </span>
    </p>

    <p class='ocr_par' dir='ltr' id='par_1_6' title="bbox 283 1657 1341 2055">
     <span class='ocr_line' id='line_1_13' title="bbox 283 1657 1336 1743; baseline 0 -23"><span class='ocrx_word' id='word_1_89' title='bbox 283 1657 317 1720; x_wconf 87' lang='lat' dir='ltr'><strong>is</strong></span> <span class='ocrx_word' id='word_1_90' title='bbox 339 1657 648 1722; x_wconf 84' lang='lat' dir='ltr'><strong>observatoribus</strong></span> <span class='ocrx_word' id='word_1_91' title='bbox 668 1657 745 1739; x_wconf 86' lang='lat' dir='ltr'><strong>jam</strong></span> <span class='ocrx_word' id='word_1_92' title='bbox 770 1665 927 1738; x_wconf 85' lang='lat' dir='ltr'><strong>notum,</strong></span> <span class='ocrx_word' id='word_1_93' title='bbox 949 1658 1098 1743; x_wconf 84' lang='lat' dir='ltr'><strong>fuitque</strong></span> <span class='ocrx_word' id='word_1_94' title='bbox 1119 1677 1184 1740; x_wconf 91' lang='lat' dir='ltr'><strong>per</strong></span> <span class='ocrx_word' id='word_1_95' title='bbox 1208 1658 1336 1722; x_wconf 83' lang='lat' dir='ltr'><strong>circu-</strong></span> 
     </span>
     <span class='ocr_line' id='line_1_14' title="bbox 283 1759 1335 1846; baseline 0.007 -23"><span class='ocrx_word' id='word_1_96' title='bbox 283 1759 361 1824; x_wconf 85' lang='lat' dir='ltr'><strong>itus</strong></span> <span class='ocrx_word' id='word_1_97' title='bbox 393 1761 659 1836; x_wconf 84' lang='lat' dir='ltr'><strong>inventorem‚</strong></span> <span class='ocrx_word' id='word_1_98' title='bbox 683 1761 1058 1846; x_wconf 78' lang='lat' dir='ltr'><strong>Morgagnium,</strong></span> <span class='ocrx_word' id='word_1_99' title='bbox 1082 1763 1335 1830; x_wconf 80' lang='lat' dir='ltr'><strong>Hellerum</strong></span> 
     </span>
     <span class='ocr_line' id='line_1_15' title="bbox 283 1865 1328 1950; baseline 0.001 -22"><span class='ocrx_word' id='word_1_100' title='bbox 283 1869 352 1928; x_wconf 82' lang='lat' dir='ltr'><strong>ete.</strong></span> <span class='ocrx_word' id='word_1_101' title='bbox 374 1865 417 1928; x_wconf 89' lang='lat' dir='ltr'><strong>in</strong></span> <span class='ocrx_word' id='word_1_102' title='bbox 438 1865 559 1928; x_wconf 88' lang='lat' dir='ltr'><strong>variis</strong></span> <span class='ocrx_word' id='word_1_103' title='bbox 582 1867 747 1948; x_wconf 81' lang='lat' dir='ltr'><strong>eorporis</strong></span> <span class='ocrx_word' id='word_1_104' title='bbox 772 1867 926 1930; x_wconf 88' lang='lat' dir='ltr'><strong>arteriis</strong></span> <span class='ocrx_word' id='word_1_105' title='bbox 945 1867 1030 1950; x_wconf 89' lang='lat' dir='ltr'><strong>pari</strong></span> <span class='ocrx_word' id='word_1_106' title='bbox 1056 1875 1194 1930; x_wconf 87' lang='lat' dir='ltr'><strong>eventu</strong></span> <span class='ocrx_word' id='word_1_107' title='bbox 1216 1890 1328 1950; x_wconf 88' lang='lat' dir='ltr'><strong>repe·</strong></span> 
     </span>
     <span class='ocr_line' id='line_1_16' title="bbox 284 1970 1341 2055; baseline -0.001 -23"><span class='ocrx_word' id='word_1_108' title='bbox 284 1971 426 2046; x_wconf 74' lang='lat' dir='ltr'><strong>titum3</strong></span> <span class='ocrx_word' id='word_1_109' title='bbox 449 1970 524 2031; x_wconf 92' lang='lat' dir='ltr'><strong>imo</strong></span> <span class='ocrx_word' id='word_1_110' title='bbox 543 1970 622 2050; x_wconf 89' lang='lat' dir='ltr'><strong>ipse</strong></span> <span class='ocrx_word' id='word_1_111' title='bbox 644 1970 722 2050; x_wconf 78' lang='lat' dir='ltr'><strong>jam</strong></span> <span class='ocrx_word' id='word_1_112' title='bbox 744 1971 925 2036; x_wconf 64' lang='lat' dir='ltr'><strong>(imitus</strong></span> <span class='ocrx_word' id='word_1_113' title='bbox 949 1971 990 2033; x_wconf 89' lang='lat' dir='ltr'><strong>in</strong></span> <span class='ocrx_word' id='word_1_114' title='bbox 1022 1971 1341 2055; x_wconf 79' lang='lat' dir='ltr'><strong>haemorrhagia.</strong></span> 
     </span>
    </p>

    <p class='ocr_par' dir='ltr' id='par_1_7' title="bbox 175 2069 1335 2162">
     <span class='ocr_line' id='line_1_17' title="bbox 175 2069 1335 2162; baseline 0.008 -29"><span class='ocrx_word' id='word_1_115' title='bbox 175 2091 176 2096; x_wconf 50' lang='lat'>¹</span> <span class='ocrx_word' id='word_1_116' title='bbox 274 2071 469 2146; x_wconf 45' lang='lat' dir='ltr'><strong>¹arteriam</strong></span> <span class='ocrx_word' id='word_1_117' title='bbox 489 2069 556 2133; x_wconf 87' lang='lat' dir='ltr'><strong>filo</strong></span> <span class='ocrx_word' id='word_1_118' title='bbox 578 2071 725 2162; x_wconf 76' lang='lat' dir='ltr'><strong>ligabat</strong></span> <span class='ocrx_word' id='word_1_119' title='bbox 747 2076 811 2158; x_wconf 71' lang='lat'><strong>*)=</strong></span> <span class='ocrx_word' id='word_1_120' title='bbox 834 2073 950 2138; x_wconf 89' lang='lat' dir='ltr'><strong>hodie</strong></span> <span class='ocrx_word' id='word_1_121' title='bbox 972 2096 1063 2140; x_wconf 86' lang='lat' dir='ltr'><strong>vero</strong></span> <span class='ocrx_word' id='word_1_122' title='bbox 1086 2074 1127 2140; x_wconf 87' lang='lat' dir='ltr'><strong>id</strong></span> <span class='ocrx_word' id='word_1_123' title='bbox 1144 2075 1335 2160; x_wconf 79' lang='lat' dir='ltr'><strong>praesidi-</strong></span> 
     </span>
    </p>

    <p class='ocr_par' dir='ltr' id='par_1_8' title="bbox 284 2173 1112 2268">
     <span class='ocr_line' id='line_1_18' title="bbox 284 2173 1112 2268; baseline 0.001 -29"><span class='ocrx_word' id='word_1_124' title='bbox 284 2193 353 2244; x_wconf 87' lang='lat' dir='ltr'><strong>um</strong></span> <span class='ocrx_word' id='word_1_125' title='bbox 375 2173 555 2242; x_wconf 74' lang='lat' dir='ltr'><strong>omnibus,</strong></span> <span class='ocrx_word' id='word_1_126' title='bbox 577 2173 653 2255; x_wconf 84' lang='lat' dir='ltr'><strong>jam</strong></span> <span class='ocrx_word' id='word_1_127' title='bbox 674 2182 811 2240; x_wconf 86' lang='lat' dir='ltr'><strong>notum</strong></span> <span class='ocrx_word' id='word_1_128' title='bbox 831 2183 888 2244; x_wconf 88' lang='lat' dir='ltr'><strong>est</strong></span> <span class='ocrx_word' id='word_1_129' title='bbox 909 2179 1112 2268; x_wconf 74' lang='lat' dir='ltr'><strong>chirurgia.</strong></span> 
     </span>
    </p>
   </div>
   <div class='ocr_carea' id='block_1_3' title="bbox 171 2334 1431 4180">
    <p class='ocr_par' dir='ltr' id='par_1_9' title="bbox 282 2334 1431 3042">
     <span class='ocr_line' id='line_1_19' title="bbox 368 2334 1334 2422; baseline 0.002 -22"><span class='ocrx_word' id='word_1_130' title='bbox 368 2334 411 2418; x_wconf 73' lang='lat' dir='ltr'><strong>a)</strong></span> <span class='ocrx_word' id='word_1_131' title='bbox 436 2334 679 2400; x_wconf 83' lang='lat' dir='ltr'><strong>Contrarium</strong></span> <span class='ocrx_word' id='word_1_132' title='bbox 697 2357 776 2402; x_wconf 84' lang='lat' dir='ltr'><strong>esse</strong></span> <span class='ocrx_word' id='word_1_133' title='bbox 797 2339 871 2404; x_wconf 87' lang='lat' dir='ltr'><strong>iter</strong></span> <span class='ocrx_word' id='word_1_134' title='bbox 894 2340 1096 2422; x_wconf 84' lang='lat' dir='ltr'><strong>sanguinis</strong></span> <span class='ocrx_word' id='word_1_135' title='bbox 1127 2339 1170 2404; x_wconf 86' lang='lat' dir='ltr'><strong>in</strong></span> <span class='ocrx_word' id='word_1_136' title='bbox 1199 2341 1334 2418; x_wconf 84' lang='lat' dir='ltr'><strong>venis,</strong></span> 
     </span>
     <span class='ocr_line' id='line_1_20' title="bbox 286 2434 1431 2521; baseline 0.005 -21"><span class='ocrx_word' id='word_1_137' title='bbox 286 2434 607 2508; x_wconf 67' lang='lat' dir='ltr'><strong>simile&#39;ostendit</strong></span> <span class='ocrx_word' id='word_1_138' title='bbox 628 2440 955 2521; x_wconf 74' lang='lat' dir='ltr'><strong>experimentume</strong></span> <span class='ocrx_word' id='word_1_139' title='bbox 978 2441 1209 2505; x_wconf 81' lang='lat' dir='ltr'><strong>detumescit</strong></span> <span class='ocrx_word' id='word_1_140' title='bbox 1231 2462 1336 2505; x_wconf 84' lang='lat' dir='ltr'><strong>vena</strong></span> <span class='ocrx_word' id='word_1_141' title='bbox 1405 2463 1431 2506; x_wconf 70' lang='grc'><strong>·,</strong></span> 
     </span>
     <span class='ocr_line' id='line_1_21' title="bbox 286 2539 1431 2623; baseline 0.003 -21"><span class='ocrx_word' id='word_1_142' title='bbox 286 2545 324 2616; x_wconf 80' lang='lat' dir='ltr'><strong>et</strong></span> <span class='ocrx_word' id='word_1_143' title='bbox 344 2539 521 2604; x_wconf 89' lang='lat' dir='ltr'><strong>inanitur</strong></span> <span class='ocrx_word' id='word_1_144' title='bbox 542 2561 657 2623; x_wconf 86' lang='lat' dir='ltr'><strong>supra</strong></span> <span class='ocrx_word' id='word_1_145' title='bbox 676 2543 901 2618; x_wconf 82' lang='lat' dir='ltr'><strong>vinculum,</strong></span> <span class='ocrx_word' id='word_1_146' title='bbox 924 2547 962 2606; x_wconf 90' lang='lat' dir='ltr'><strong>et</strong></span> <span class='ocrx_word' id='word_1_147' title='bbox 996 2544 1222 2611; x_wconf 87' lang='lat' dir='ltr'><strong>cumulatur</strong></span> <span class='ocrx_word' id='word_1_148' title='bbox 1239 2563 1333 2606; x_wconf 87' lang='lat' dir='ltr'><strong>san·</strong></span> <span class='ocrx_word' id='word_1_149' title='bbox 1430 2593 1431 2600; x_wconf 14' lang='grc' dir='ltr'><strong>κ</strong></span> 
     </span>
     <span class='ocr_line' id='line_1_22' title="bbox 284 2640 1330 2730; baseline 0.011 -28"><span class='ocrx_word' id='word_1_150' title='bbox 284 2641 369 2724; x_wconf 83' lang='lat' dir='ltr'><strong>guis</strong></span> <span class='ocrx_word' id='word_1_151' title='bbox 389 2642 492 2714; x_wconf 82' lang='lat' dir='ltr'><strong>intra</strong></span> <span class='ocrx_word' id='word_1_152' title='bbox 517 2640 619 2709; x_wconf 86' lang='lat' dir='ltr'><strong>illud</strong></span> <span class='ocrx_word' id='word_1_153' title='bbox 647 2663 689 2707; x_wconf 83' lang='lat' dir='ltr'><strong>ac</strong></span> <span class='ocrx_word' id='word_1_154' title='bbox 722 2645 988 2728; x_wconf 87' lang='lat' dir='ltr'><strong>peripheriam</strong></span> <span class='ocrx_word' id='word_1_155' title='bbox 1017 2648 1187 2730; x_wconf 82' lang='lat' dir='ltr'><strong>eorporis</strong></span> <span class='ocrx_word' id='word_1_156' title='bbox 1201 2688 1214 2723; x_wconf 89' lang='lat'><strong><em>,</em></strong></span> <span class='ocrx_word' id='word_1_157' title='bbox 1247 2646 1330 2713; x_wconf 79' lang='lat' dir='ltr'><strong>nisi</strong></span> 
     </span>
     <span class='ocr_line' id='line_1_23' title="bbox 282 2747 1333 2828; baseline 0.004 -18"><span class='ocrx_word' id='word_1_158' title='bbox 282 2747 383 2824; x_wconf 82' lang='lat' dir='ltr'><strong>rami</strong></span> <span class='ocrx_word' id='word_1_159' title='bbox 408 2748 586 2819; x_wconf 83' lang='lat' dir='ltr'><strong>laterales</strong></span> <span class='ocrx_word' id='word_1_160' title='bbox 620 2753 688 2810; x_wconf 89' lang='lat' dir='ltr'><strong>aut</strong></span> <span class='ocrx_word' id='word_1_161' title='bbox 720 2756 978 2816; x_wconf 85' lang='lat' dir='ltr'><strong>anastomoses</strong></span> <span class='ocrx_word' id='word_1_162' title='bbox 1009 2751 1229 2828; x_wconf 79' lang='lat' dir='ltr'><strong>adfuerint,</strong></span> <span class='ocrx_word' id='word_1_163' title='bbox 1263 2750 1333 2824; x_wconf 83' lang='lat' dir='ltr'><strong>id‘,</strong></span> 
     </span>
     <span class='ocr_line' id='line_1_24' title="bbox 285 2849 1332 2942; baseline 0.004 -30"><span class='ocrx_word' id='word_1_164' title='bbox 285 2849 386 2942; x_wconf 81' lang='lat' dir='ltr'><strong>quad</strong></span> <span class='ocrx_word' id='word_1_165' title='bbox 410 2869 494 2913; x_wconf 84' lang='lat' dir='ltr'><strong>eum</strong></span> <span class='ocrx_word' id='word_1_166' title='bbox 515 2851 547 2915; x_wconf 90' lang='lat' dir='ltr'><strong>H</strong></span> <span class='ocrx_word' id='word_1_167' title='bbox 560 2871 749 2940; x_wconf 73' lang='lat' dir='ltr'><strong>arreyo</strong></span> <span class='ocrx_word' id='word_1_168' title='bbox 768 2853 895 2937; x_wconf 87' lang='lat' dir='ltr'><strong>plures</strong></span> <span class='ocrx_word' id='word_1_169' title='bbox 915 2851 1098 2926; x_wconf 84' lang='lat' dir='ltr'><strong>viderunt</strong></span> <span class='ocrx_word' id='word_1_170' title='bbox 1110 2853 1332 2920; x_wconf 87' lang='lat' dir='ltr'><strong>observato-</strong></span> 
     </span>
     <span class='ocr_line' id='line_1_25' title="bbox 284 2953 1329 3042; baseline -0.002 -22"><span class='ocrx_word' id='word_1_171' title='bbox 284 2975 345 3020; x_wconf 86' lang='lat' dir='ltr'><strong>res</strong></span> <span class='ocrx_word' id='word_1_172' title='bbox 369 2953 430 3042; x_wconf 74' lang='lat'><strong>”)</strong></span> <span class='ocrx_word' id='word_1_173' title='bbox 441 2999 452 3030; x_wconf 87' lang='lat'><em>‚</em></span> <span class='ocrx_word' id='word_1_174' title='bbox 473 2963 511 3018; x_wconf 88' lang='lat' dir='ltr'><strong>et</strong></span> <span class='ocrx_word' id='word_1_175' title='bbox 532 2955 762 3039; x_wconf 76' lang='lat' dir='ltr'><strong>quotidiana</strong></span> <span class='ocrx_word' id='word_1_176' title='bbox 782 2957 891 3021; x_wconf 89' lang='lat' dir='ltr'><strong>docet</strong></span> <span class='ocrx_word' id='word_1_177' title='bbox 913 2957 1167 3040; x_wconf 42' lang='lat' dir='ltr'><strong>experientias</strong></span> <span class='ocrx_word' id='word_1_178' title='bbox 1186 2956 1329 3020; x_wconf 86' lang='lat' dir='ltr'><strong>Uteba·</strong></span> 
     </span>
    </p>

    <p class='ocr_par' dir='ltr' id='par_1_10' title="bbox 210 3057 1333 3658">
     <span class='ocr_line' id='line_1_26' title="bbox 210 3057 1333 3143; baseline -0.004 -22"><span class='ocrx_word' id='word_1_179' title='bbox 210 3109 212 3113; x_wconf 14' lang='grc' dir='ltr'><em>Α</em></span> <span class='ocrx_word' id='word_1_180' title='bbox 284 3063 350 3121; x_wconf 87' lang='lat' dir='ltr'><strong>tur</strong></span> <span class='ocrx_word' id='word_1_181' title='bbox 375 3064 572 3142; x_wconf 86' lang='lat' dir='ltr'><strong>praeterea</strong></span> <span class='ocrx_word' id='word_1_182' title='bbox 589 3059 669 3140; x_wconf 88' lang='lat' dir='ltr'><strong>ipse</strong></span> <span class='ocrx_word' id='word_1_183' title='bbox 694 3059 773 3143; x_wconf 76' lang='lat' dir='ltr'><strong>iam</strong></span> <span class='ocrx_word' id='word_1_184' title='bbox 791 3060 1091 3124; x_wconf 72' lang='lat' dir='ltr'><strong>Eussrsrrarus</strong></span> <span class='ocrx_word' id='word_1_185' title='bbox 1117 3059 1157 3122; x_wconf 89' lang='lat' dir='ltr'><strong>in</strong></span> <span class='ocrx_word' id='word_1_186' title='bbox 1171 3057 1333 3120; x_wconf 55' lang='lat' dir='ltr'><strong>haemoq</strong></span> 
     </span>
     <span class='ocr_line' id='line_1_27' title="bbox 284 3144 1331 3248; baseline 0 -24"><span class='ocrx_word' id='word_1_187' title='bbox 284 3144 393 3244; x_wconf 80' lang='lat' dir='ltr'><strong>ptysi</strong></span> <span class='ocrx_word' id='word_1_188' title='bbox 412 3161 581 3242; x_wconf 78' lang='lat' dir='ltr'><strong>ligatura</strong></span> <span class='ocrx_word' id='word_1_189' title='bbox 605 3146 762 3227; x_wconf 83' lang='lat' dir='ltr'><strong>artuum</strong></span> <span class='ocrx_word' id='word_1_190' title='bbox 783 3164 851 3248; x_wconf 86' lang='lat' dir='ltr'><strong>a),</strong></span> <span class='ocrx_word' id='word_1_191' title='bbox 883 3181 999 3246; x_wconf 85' lang='lat' dir='ltr'><strong>quam</strong></span> <span class='ocrx_word' id='word_1_192' title='bbox 1020 3168 1058 3230; x_wconf 90' lang='lat' dir='ltr'><strong>et</strong></span> <span class='ocrx_word' id='word_1_193' title='bbox 1087 3160 1212 3224; x_wconf 87' lang='lat' dir='ltr'><strong>nostri</strong></span> <span class='ocrx_word' id='word_1_194' title='bbox 1243 3161 1331 3224; x_wconf 85' lang='lat' dir='ltr'><strong>aevi</strong></span> 
     </span>
     <span class='ocr_line' id='line_1_28' title="bbox 282 3263 1329 3346; baseline -0.003 -16"><span class='ocrx_word' id='word_1_195' title='bbox 282 3263 425 3330; x_wconf 82' lang='lat' dir='ltr'><strong>medici</strong></span> <span class='ocrx_word' id='word_1_196' title='bbox 448 3269 532 3327; x_wconf 91' lang='lat' dir='ltr'><strong>tum</strong></span> <span class='ocrx_word' id='word_1_197' title='bbox 554 3265 594 3328; x_wconf 88' lang='lat' dir='ltr'><strong>in</strong></span> <span class='ocrx_word' id='word_1_198' title='bbox 616 3266 712 3344; x_wconf 89' lang='lat' dir='ltr'><strong>hoc,</strong></span> <span class='ocrx_word' id='word_1_199' title='bbox 735 3269 820 3337; x_wconf 90' lang='lat' dir='ltr'><strong>tum</strong></span> <span class='ocrx_word' id='word_1_200' title='bbox 841 3285 930 3328; x_wconf 87' lang='lat' dir='ltr'><strong>vero</strong></span> <span class='ocrx_word' id='word_1_201' title='bbox 952 3265 993 3328; x_wconf 92' lang='lat' dir='ltr'><strong>in</strong></span> <span class='ocrx_word' id='word_1_202' title='bbox 1017 3263 1103 3326; x_wconf 84' lang='lat' dir='ltr'><strong>aliis</strong></span> <span class='ocrx_word' id='word_1_203' title='bbox 1129 3264 1329 3346; x_wconf 83' lang='lat' dir='ltr'><strong>sanguinis</strong></span> 
     </span>
     <span class='ocr_line' id='line_1_29' title="bbox 283 3366 1333 3452; baseline 0.004 -24"><span class='ocrx_word' id='word_1_204' title='bbox 283 3366 488 3452; x_wconf 84' lang='lat' dir='ltr'><strong>profluviis</strong></span> <span class='ocrx_word' id='word_1_205' title='bbox 535 3386 621 3432; x_wconf 90' lang='lat' dir='ltr'><strong>cum</strong></span> <span class='ocrx_word' id='word_1_206' title='bbox 661 3369 762 3432; x_wconf 90' lang='lat' dir='ltr'><strong>bono</strong></span> <span class='ocrx_word' id='word_1_207' title='bbox 801 3387 911 3450; x_wconf 88' lang='lat' dir='ltr'><strong>saepe</strong></span> <span class='ocrx_word' id='word_1_208' title='bbox 953 3367 1141 3440; x_wconf 83' lang='lat' dir='ltr'><strong>adhibent</strong></span> <span class='ocrx_word' id='word_1_209' title='bbox 1177 3367 1333 3442; x_wconf 44' lang='lat' dir='ltr'><strong>effectuQ</strong></span> 
     </span>
     <span class='ocr_line' id='line_1_30' title="bbox 282 3470 1329 3555; baseline -0.001 -20"><span class='ocrx_word' id='word_1_210' title='bbox 282 3470 387 3535; x_wconf 87' lang='lat' dir='ltr'><strong>idem</strong></span> <span class='ocrx_word' id='word_1_211' title='bbox 413 3470 621 3535; x_wconf 85' lang='lat' dir='ltr'><strong>ostendunt</strong></span> <span class='ocrx_word' id='word_1_212' title='bbox 640 3471 820 3547; x_wconf 83' lang='lat' dir='ltr'><strong>valvulae</strong></span> <span class='ocrx_word' id='word_1_213' title='bbox 838 3489 1024 3534; x_wconf 84' lang='lat' dir='ltr'><strong>venarum</strong></span> <span class='ocrx_word' id='word_1_214' title='bbox 1036 3512 1046 3543; x_wconf 93' lang='lat'>‚</span> <span class='ocrx_word' id='word_1_215' title='bbox 1070 3489 1168 3555; x_wconf 84' lang='lat' dir='ltr'><strong>quae</strong></span> <span class='ocrx_word' id='word_1_216' title='bbox 1190 3489 1329 3540; x_wconf 81' lang='lat' dir='ltr'><strong>eonve-</strong></span> 
     </span>
     <span class='ocr_line' id='line_1_31' title="bbox 282 3575 1326 3658; baseline 0.001 -21"><span class='ocrx_word' id='word_1_217' title='bbox 282 3592 331 3643; x_wconf 80' lang='lat' dir='ltr'><strong>xa</strong></span> <span class='ocrx_word' id='word_1_218' title='bbox 351 3575 452 3650; x_wconf 77' lang='lat' dir='ltr'><strong>facie</strong></span> <span class='ocrx_word' id='word_1_219' title='bbox 468 3575 730 3658; x_wconf 87' lang='lat' dir='ltr'><strong>peripheriam</strong></span> <span class='ocrx_word' id='word_1_220' title='bbox 754 3575 944 3657; x_wconf 88' lang='lat' dir='ltr'><strong>corporis,</strong></span> <span class='ocrx_word' id='word_1_221' title='bbox 974 3594 1139 3638; x_wconf 82' lang='lat' dir='ltr'><strong>concava</strong></span> <span class='ocrx_word' id='word_1_222' title='bbox 1169 3593 1232 3638; x_wconf 87' lang='lat' dir='ltr'><strong>cor</strong></span> <span class='ocrx_word' id='word_1_223' title='bbox 1266 3595 1326 3638; x_wconf 85' lang='lat' dir='ltr'><strong>re-</strong></span> 
     </span>
    </p>

    <p class='ocr_par' dir='ltr' id='par_1_11' title="bbox 171 3673 1327 4180">
     <span class='ocr_line' id='line_1_32' title="bbox 171 3673 1326 3773; baseline 0.001 -31"><span class='ocrx_word' id='word_1_224' title='bbox 171 3750 180 3773; x_wconf 48' lang='grc'><em>,</em></span> <span class='ocrx_word' id='word_1_225' title='bbox 284 3673 477 3759; x_wconf 73' lang='lat' dir='ltr'><strong>spiciunt,</strong></span> <span class='ocrx_word' id='word_1_226' title='bbox 498 3697 564 3740; x_wconf 85' lang='lat' dir='ltr'><strong>nee</strong></span> <span class='ocrx_word' id='word_1_227' title='bbox 586 3677 678 3741; x_wconf 87' lang='lat' dir='ltr'><strong>adeo</strong></span> <span class='ocrx_word' id='word_1_228' title='bbox 697 3678 895 3762; x_wconf 85' lang='lat' dir='ltr'><strong>sanguinis</strong></span> <span class='ocrx_word' id='word_1_229' title='bbox 913 3697 935 3741; x_wconf 85' lang='lat' dir='ltr'><strong>a</strong></span> <span class='ocrx_word' id='word_1_230' title='bbox 954 3677 1063 3742; x_wconf 85' lang='lat' dir='ltr'><strong>corde</strong></span> <span class='ocrx_word' id='word_1_231' title='bbox 1094 3695 1326 3761; x_wconf 84' lang='lat' dir='ltr'><strong>regressum,</strong></span> 
     </span>
     <span class='ocr_line' id='line_1_33' title="bbox 282 3780 1326 3866; baseline 0 -20"><span class='ocrx_word' id='word_1_232' title='bbox 282 3780 327 3853; x_wconf 82' lang='lat' dir='ltr'><strong>in</strong></span> <span class='ocrx_word' id='word_1_233' title='bbox 358 3782 516 3845; x_wconf 86' lang='lat' dir='ltr'><strong>vivente</strong></span> <span class='ocrx_word' id='word_1_234' title='bbox 545 3784 682 3859; x_wconf 85' lang='lat' dir='ltr'><strong>saltem</strong></span> <span class='ocrx_word' id='word_1_235' title='bbox 712 3803 889 3866; x_wconf 88' lang='lat' dir='ltr'><strong>corpore,</strong></span> <span class='ocrx_word' id='word_1_236' title='bbox 918 3782 1035 3846; x_wconf 79' lang='lat' dir='ltr'><strong>facile</strong></span> <span class='ocrx_word' id='word_1_237' title='bbox 1077 3782 1326 3862; x_wconf 78' lang='lat' dir='ltr'><strong>admittunt3</strong></span> 
     </span>
     <span class='ocr_line' id='line_1_34' title="bbox 282 3865 1326 3967; baseline 0.003 -21"><span class='ocrx_word' id='word_1_238' title='bbox 282 3882 362 3950; x_wconf 92' lang='lat' dir='ltr'><strong>imo</strong></span> <span class='ocrx_word' id='word_1_239' title='bbox 381 3883 422 3947; x_wconf 89' lang='lat' dir='ltr'><strong>in</strong></span> <span class='ocrx_word' id='word_1_240' title='bbox 443 3884 527 3967; x_wconf 88' lang='lat' dir='ltr'><strong>ipso</strong></span> <span class='ocrx_word' id='word_1_241' title='bbox 551 3865 670 3948; x_wconf 86' lang='lat' dir='ltr'><strong>etiam</strong></span> <span class='ocrx_word' id='word_1_242' title='bbox 690 3885 874 3956; x_wconf 87' lang='lat' dir='ltr'><strong>cadavere</strong></span> <span class='ocrx_word' id='word_1_243' title='bbox 894 3886 1026 3956; x_wconf 89' lang='lat' dir='ltr'><strong>sebum</strong></span> <span class='ocrx_word' id='word_1_244' title='bbox 1048 3885 1235 3967; x_wconf 88' lang='lat' dir='ltr'><strong>injectum</strong></span> <span class='ocrx_word' id='word_1_245' title='bbox 1246 3905 1326 3949; x_wconf 89' lang='lat' dir='ltr'><strong>mo·</strong></span> 
     </span>
     <span class='ocr_line' id='line_1_35' title="bbox 282 3986 1327 4074; baseline 0 -24"><span class='ocrx_word' id='word_1_246' title='bbox 282 3993 441 4064; x_wconf 75' lang='lat' dir='ltr'><strong>rantur,</strong></span> <span class='ocrx_word' id='word_1_247' title='bbox 464 3987 533 4054; x_wconf 90' lang='lat' dir='ltr'><strong>ubi</strong></span> <span class='ocrx_word' id='word_1_248' title='bbox 554 3986 595 4061; x_wconf 88' lang='lat' dir='ltr'><strong>id</strong></span> <span class='ocrx_word' id='word_1_249' title='bbox 618 4007 642 4056; x_wconf 82' lang='lat' dir='ltr'><strong>a</strong></span> <span class='ocrx_word' id='word_1_250' title='bbox 662 3994 797 4060; x_wconf 83' lang='lat' dir='ltr'><strong>trunco</strong></span> <span class='ocrx_word' id='word_1_251' title='bbox 816 4007 946 4062; x_wconf 71' lang='lat' dir='ltr'><strong>versus</strong></span> <span class='ocrx_word' id='word_1_252' title='bbox 967 4007 1124 4064; x_wconf 77' lang='lat' dir='ltr'><strong>ramum.</strong></span> <span class='ocrx_word' id='word_1_253' title='bbox 1155 3987 1327 4074; x_wconf 66' lang='lat' dir='ltr'><strong>impelli-</strong></span> 
     </span>
     <span class='ocr_line' id='line_1_36' title="bbox 284 4089 438 4180; baseline 0.032 -27"><span class='ocrx_word' id='word_1_254' title='bbox 284 4089 350 4164; x_wconf 81' lang='lat' dir='ltr'><strong>tur</strong></span> <span class='ocrx_word' id='word_1_255' title='bbox 374 4090 438 4180; x_wconf 69' lang='lat' dir='ltr'><strong>ll)0¹</strong></span> 
     </span>
    </p>
   </div>
   <div class='ocr_carea' id='block_1_4' title="bbox 0 0 1454 4992">
    <p class='ocr_par' dir='ltr' id='par_1_12' title="bbox 0 0 1454 4992">
     <span class='ocr_line' id='line_1_37' title="bbox 0 0 1454 4992; baseline 0 0"><span class='ocrx_word' id='word_1_256' title='bbox 0 0 1454 4992; x_wconf 95' lang='lat' dir='ltr'><strong> </strong></span> 
     </span>
    </p>
   </div>
  </div>
 </body>
</html>
