2898 4992
507 385 844 464 Ds'rormrrors.
1151 407 1214 486 ⁴8³

160 537 632 624 thematadmpstigines
647 541 718 606 etc.
743 541 786 602 ln
807 537 895 602 istis
925 537 1070 606 statiis
1100 561 1204 608 mor·

158 643 274 710 boses
296 639 527 707 nutritionis
548 641 696 704 casibus
717 640 1028 723 reproductionis
1049 663 1201 728 proces·
1240 693 1244 702 .

103 778 105 788 ·
159 765 223 810 sus
254 745 438 810 hactenus
475 741 796 818 convertitur,ut
818 741 904 826 ipsa
932 761 1021 826 pars
1050 745 1205 826 adfecto.

159 851 403 938 partauctsm
434 845 717 930 appositionem
743 841 804 907 vel
834 841 1073 910 ablationem
1092 854 1203 916 volu·

159 947 265 1013 mins
295 953 481 1032 augeatur
503 947 563 1013 vel
587 947 785 1012 minuetur
803 943 1026 1030 (tumores,
1045 952 1155 1020 tabes
1171 955 1203 1042 ),

158 1053 223 1118 vel
242 1071 333 1118 vero
366 1051 543 1118 secretio'
558 1053 713 1118 interna
733 1051 918 1115 hactenus
945 1059 1139 1133 mutetur,
1160 1065 1206 1126 ut

156 1155 312 1240 penitus
351 1153 557 1220 abnormis
601 1161 810 1218 nascuntur
844 1153 1032 1237 producta
1076 1159 1203 1242 (pu's,

159 1258 292 1335 icbor,
311 1253 553 1340 contagium,
575 1256 738 1320 miasma
752 1255 794 1340 )·,
819 1261 855 1320 et
888 1261 1016 1338 partes
1048 1261 1203 1344 penitus

159 1361 350 1442 deformes
370 1359 581 1426 reddantur
613 1359 849 1446 (chachitis,
868 1360 1205 1442 pseudomembra·

157 1481 258 1540 nae,
283 1463 473 1544 scirrhus,
506 1483 640 1528 cancer
675 1465 783 1547 etc.).
826 1461 1034 1530 Reducitur
1074 1467 1206 1534 autem

157 1567 324 1632 nutritio
348 1565 397 1630 ad
418 1568 563 1632 statum
595 1567 832 1645 normalem,
855 1567 923 1630 ubi
946 1566 1096 1633 adfecta
1117 1591 1207 1656 pers

158 1689 227 1754 per
249 1667 378 1732 varios
408 1669 761 1751 metamorphoseos
782 1665 920 1750 gradus
944 1669 994 1734 ad
1023 1671 1206 1742 nativum

156 1773 262 1840 redit
285 1780 452 1848 statum,
466 1773 614 1860 vellubi
636 1772 944 1858 desorgenisetae
979 1783 1107 1859 partos
1137 1801 1206 1865 per

157 1881 324 1942 naturae
354 1875 456 1942 viras
467 1917 479 1958 ,
501 1881 570 1940 aut
591 1895 659 1958 per
679 1875 775 1940 artis
796 1873 1055 1958 prtssidium,
1077 1899 1098 1944 s
1121 1885 1205 1964 toto

155 1983 399 2064 separantur.
423 1979 673 2044 Communem
695 1977 962 2054 sacrationum,
975 1979 1144 2066 adeoque
1166 1989 1205 2052 et

154 2079 386 2146 nutritionis
412 2077 690 2164 scaturiginem
699 2079 849 2164 ,ipsum
873 2081 1102 2148 arteriosum
1126 2105 1205 2150 esse

158 2183 414 2265 sanguinem,
434 2181 607 2265 superius
629 2179 691 2264 (ς.
715 2179 920 2264 351.)iam
953 2185 1206 2252 ostendimus.

156 2287 362 2356 Adducunt
382 2301 520 2366 nempe
552 2280 755 2364 capillaras
785 2281 950 2348 arterias
980 2285 1207 2364 humorem,

154 2388 393 2477 particulis,
423 2405 493 2470 pro
525 2383 742 2449 nutritione
773 2381 920 2448 idoneis
953 2383 1108 2464 fetum,
1138 2389 1208 2474 qui

156 2499 287 2564 forma
304 2493 458 2578 vaporis
479 2491 695 2558 subtilioris
719 2485 770 2572 (ς.
796 2491 881 2570 ιι4.)
913 2509 1046 2554 eorum
1073 2513 1208 2560 vasen.

153 2603 284 2668 lorum
317 2599 422 2664 subit
452 2597 639 2688 tunicas,
673 2594 788 2678 inque
831 2591 1055 2660 interstitiis
1086 2598 1205 2664 cellu-

155 2702 232 2770 losi
268 2707 427 2778 textus,
456 2699 587 2766 omnia
614 2699 748 2783 ntique
773 2715 918 2784 organa
949 2703 1208 2784 penetrantis,

157 2802 408 2872 diffunditur.
443 2804 525 2888 Quo
546 2803 667 2887 igitur
698 2797 845 2881 maiore
872 2801 1071 2888 sanguinis
1094 2807 1208 2890 copia

153 2913 285 2995 partes
309 2905 544 2991 irrigentur,
568 2903 679 2970 tanto
710 2894 869 2969 'celerior
889 2905 931 2969 in
964 2905 1012 2970 iis
1036 2905 1206 2974 adverti-

156 3015 222 3078 tur
254 3005 494 3092 reproductio
519 3011 743 3092 ,uentoque
774 3007 1207 3085 alacriusnntriuntur,

158 3111 263 3199 Quia
282 3131 374 3175 vero
401 3113 526 3175 textus
555 3107 758 3174 cellulosus
788 3127 908 3174 unum
939 3109 1142 3175 constituit
1164 3111 1206 3182 in

155 3213 341 3283 universo
375 3231 533 3297 corpore
567 3213 816 3290 continuum,
836 3217 880 3278 nt
904 3211 998 3277 adeo
1027 3231 1095 3297 per
1116 3233 1205 3280 eum

155 3327 287 3413 partes
308 3323 474 3389 invicem
505 3321 814 3398 communicent,
835 3339 956 3405 vapor
986 3321 1052 3386 ille
1081 3324 1206 3390 nutri-

154 3432 236 3497 tius
260 3427 307 3493 ad
336 3425 563 3522 remotiores
594 3425 678 3509 ipsa
698 3425 770 3490 hac
805 3426 870 3492 vie
899 3423 1057 3510 perduoi
1076 3433 1205 3511 potest
1312 3423 1315 3432 ’

153 3538 310 3620 partes,
332 3533 433 3598 unde
460 3529 626 3598 nutritio
657 3548 788 3596 aarum
820 3535 1084 3608 texturarum,
1107 3549 1205 3618 quaa

140 3633 290 3718 *paucis
322 3641 390 3699 eut
412 3633 532 3699 nullis
564 3633 680 3718 plane
702 3633 928 3702 visibilibus
959 3635 1205 3702 instruuntur

152 3735 345 3816 vasculis,
365 3735 537 3823 intelligi
557 3739 695 3821 potest.

240 3859 446 3944 Sanguinis
477 3867 516 3928 st
536 3879 768 3948 organorum
798 3859 932 3928 mistio
959 3857 1141 3927 differens
1161 3859 1203 3930 id

66 4019 68 4034 .
156 3959 315 4038 efficit,
347 3969 391 4027 ut
430 3965 695 4030 biochsmicus
738 3964 967 4032 nutritionis
1008 3983 1234 4047 processus·

156 4065 332 4138 differens
357 4065 559 4143 reddetur,
582 4069 750 4152 talisque
777 4065 928 4133 accidat
956 4065 998 4130 in
1024 4063 1202 4148 partibus

86 4165 90 4174 '
155 4169 324 4253 singulis
342 4169 625 4254 principiorum
649 4172 841 4254 sejunctio
865 4173 902 4236 et
925 4153 1026 4234 nova
1047 4169 1203 4254 synthe-

154 4270 228 4352 sis,
250 4290 347 4362 quas
377 4271 542 4358 cujusvis
575 4273 783 4360 respondet
814 4278 996 4348 naturae,
1019 4291 1142 4364 quoru
1162 4290 1202 4360 ogr

902 4373 1013 4446 Hbs
