2922 4996
195 409 305 472 surr.
315 407 378 470 111.
390 405 449 470 Du
463 409 671 488 snrrsrns.
693 407 1087 470 cnnssr'runcrrons.
1135 415 1194 487 187

154 545 384 614 restrorsum
416 563 459 608 ao
480 561 628 608 sursum
648 530 776 606 uersus
796 543 953 619 tendat,
977 545 1097 612 donec
1129 565 1197 609 an.

153 654 340 718 terionem
370 649 508 726 faciem
548 649 709 714 ultimae
744 649 966 714 lumborum
995 647 1198 712 vertebrae

155 755 351 838 attingit,
387 753 454 818 ubi
485 732 637 816 deinum
677 749 808 816 ar'cum
843 752 1030 816 inferiora
1068 771 1198 816 versus

154 859 316 940 mittit,
348 857 415 942 qui
441 845 482 920 in
511 861 659 922 rectum
688 857 935 922 continuatur
967 855 1198 980 intestinum

158 963 271 1046 α)

238 1121 469 1186 Retinentur
488 1121 655 1186 huetium
676 1121 888 1206 descriptae
906 1120 1083 1186 intestini
1100 1137 1200 1183 oras-

159 1227 194 1292 si
217 1227 346 1308 partes
366 1225 407 1287 in
428 1225 503 1288 situ
527 1245 592 1299 suo
615 1245 683 1308 per
702 1227 919 1290 mesocolon
935 1229 1089 1308 ,utpote
1109 1243 1206 1284 mes-

152 1323 297 1392 'enterii
326 1331 475 1408 partem
511 1325 554 1408 (§.
575 1327 694 1414 287),
728 1345 823 1412 quae
851 1306 980 1388 ritubi
1011 1323 1090 1408 ejus
1112 1342 1199 1404 por-

159 1429 335 1497 tionibus
360 1445 445 1490 suas
467 1427 586 1493 habet
614 1428 961 1496 denominationes.

241 1585 382 1652 lisdem
407 1585 562 1686 quidem
586 1593 737 1656 constat
766 1609 937 1654 crassum
968 1587 1200 1652 intestinum

159 1697 205 1754 ut
222 1696 345 1754 tenue
384 1688 556 1767 tunicis,
594 1691 841 1758 differentiae
874 1699 1007 1756 tamen
1040 1677 1132 1754 sunt
1161 1690 1204 1752 in

158 1793 365 1856 fabrica
335 1815 413 1876 epus
438 1769 663 1879 complures.
686 1797 832 1860 Tunica
863 1797 1094 1870 extima,'
1096 1813 1119 1855 a
1138 1811 1206 1876 pe·

161 1897 338 1962 ritonaeo
368 1897 589 1981 producta,
622 1904 659 1962 et
688 1906 874 1984 tanquam
906 1897 1117 1977 mesooolon
1154 1891 1203 1954 ad

164 2018 334 2062 crassum
376 2000 605 2064 intestinum
638 1999 855 2079 adcedens,
885 2019 956 2082 ope
995 1997 1202 2060 cellulosae

162 2103 492 2178 brovis‚carneae
521 2101 738 2166 adnectitur
769 2102 948 2176 tunicae,
968 2120 1044 2164 non
1075 2107 1216 2162 tamen·
1312 2187 1313 2194 ἵ
1387 2137 1390 2144 ·

161 2228 317 2276 omnem
349 2208 426 2288 ejus
451 2207 594 2270 canalis
618 2207 735 2270 vestit
759 2203 978 2277 ambitum·
1006 2205 1061 2268 sic
1095 2205 1208 2273 colon

161 2310 430 2384 sinistrum,
420 2331 461 2372 ιιι
481 2309 609 2372 media
635 2307 838 2392 praecipue
867 2311 1002 2390 parte,
1020 2326 1064 2374 eo
1088 2305 1205 2370 desti-

164 2414 291 2478 tuitur
312 2413 557 2502 velamento,
581 2433 650 2496 ope
682 2416 807 2476 textus
832 2409 1008 2476 cellulosi
1035 2411 1213 2474 musculo

163 2536 281 2600 psoae
301 2489 501 2582 adnexum.
534 2515 659 2578 Habet
688 2533 858 2594 aerosum
888 2511 1067 2576 intestini
1087 2511 1205 2584 crassi

166 2616 414 2682 involucrum
435 2615 473 2678 id
491 2615 567 2680 sibi
599 2616 774 2697 privum,
799 2611 899 2697 quod
931 2614 971 2678 in
999 2611 1207 2694 epiploioas

165 2722 369 2802 elongetur
382 2762 393 2796 ,
413 2723 456 2780 ut
479 2717 562 2787 loco
586 2724 699 2780 antea
722 2717 840 2782 citato
864 2715 1009 2778 dictum
1037 2721 1116 2790 est,
1137 2733 1206 2795 ap-

163 2821 356 2908 pendices.
387 2854 429 2870 -
457 2821 604 2884 Tunica
635 2817 944 2886 muscularis
982 2815 1022 2878 id
1054 2815 1208 2901 proprii

162 2926 229 2991 hic
258 2923 444 2996 exhibet,
476 2921 575 3008 quod
597 2921 720 2986 fibrae
754 2921 1056 3005 longitudinales
1083 2919 1124 2984 in
1148 2919 1207 2981 fa-

163 3029 333 3096 sciculos.
358 3033 433 3090 tres
449 3028 536 3090 ‘sint
565 3027 770 3106 collectae,
790 3025 868 3110 'qui
893 3025 994 3088 circa
1023 3014 1209 3106 appendi-

119 3131 122 3138 ’
166 3155 250 3200 cem
285 3134 574 3200 vermiformem
604 3133 870 3215 communiet
899 3133 1016 3197 denso
1051 3133 1207 3218 agmine
1270 3201 1273 3215 ‚

165 3233 362 3319 incipiunt
384 3281 395 3315 ,
416 3238 532 3324 inque
562 3237 645 3300 colo
670 3236 802 3305 dextro
821 3233 872 3298 'et
902 3243 1120 3304 transverso
1150 3237 1209 3299 di-

165 3345 356 3423 vergunt,
389 3337 508 3403 donec
530 3340 572 3402 in
597 3345 700 3402 recto
730 3339 915 3402 intestino
946 3359 1075 3406 rursus
1108 3339 1207 3403 dila·
1296 3337 1299 3342 ’
1394 3419 1396 3430 ¹

165 3447 326 3517 tantur,
343 3448 380 3509 at
401 3441 443 3512 in
457 3443 645 3530 'vaginam
671 3442 814 3505 abeunt
836 3461 1032 3521 carneam,
1052 3441 1222 3530 omneni'

165 3547 281 3629 hujus
302 3548 516 3624 ambitum,
540 3547 588 3610 ad
611 3569 674 3610 sex
694 3548 774 3610 fere
793 3547 952 3630 pollices
975 3549 1017 3611 in
1037 3530 1209 3632 lonssitu·

165 3647 263 3714 dine
281 3649 514 3732 cingentem.
535 3651 883 3736 In·robustiorilrus
914 3649 1130 3714 individuis
1150 3652 1210 3713 in·
1265 3664 1269 3689 ⁴

168 3758 232 3814 tra
253 3751 454 3814 fasciculos
484 3771 545 3813 eos
566 3749 804 3834 (ligamenta
824 3751 922 3840 coli)
946 3753 1068 3814 fibrae
1091 3773 1209 3838 appa·

166 3857 256 3924 rent
284 3855 584 3948 longitudinales
599 3901 621 3944 ⁹,
642 3857 835 3940 dispersae
859 3863 992 3930 tamen
1026 3863 1062 3919 et
1090 3842 1209 3922 rarae.

159 3959 386 4028 'Carnuntur
401 3957 442 4020 ln
461 3960 658 4022 nonnullis
681 3957 754 4021 coli
769 3958 1012 4038 portionibus
1030 3957 1103 4018 duo
1124 3962 1210 4016 tan·
1287 3949 1289 3960 ’

131 4106 139 4112 -
167 4065 254 4122 tum
271 4051 457 4146 ‚fasciculi
485 4063 732 4125 musculares.
777 4047 871 4123 Sunt
903 4065 1031 4121 autem
1065 4057 1207 4138 ligulae
1241 4102 1252 4139 4

169 4163 245 4226 ha‘e
275 4179 434 4224 carneae
463 4163 652 4227 breviores
683 4183 796 4243 quam
823 4161 980 4244 propria
1010 4159 1210 4237 cressiin·

170 4261 601 4343 testinitunica,unda
629 4264 1211 4360 haeacumintirnamembra·
1265 4325 1268 4331 Α
1375 4297 1382 4318 1
