<?xml version="1.0" encoding="UTF-8"?>
<!DOCTYPE html PUBLIC "-//W3C//DTD XHTML 1.0 Transitional//EN"
    "http://www.w3.org/TR/xhtml1/DTD/xhtml1-transitional.dtd">
<html xmlns="http://www.w3.org/1999/xhtml" xml:lang="en" lang="en">
 <head>
  <title>
</title>
<meta http-equiv="Content-Type" content="text/html;charset=utf-8" />
  <meta name='ocr-system' content='tesseract 3.04.00' />
  <meta name='ocr-capabilities' content='ocr_page ocr_carea ocr_par ocr_line ocrx_word'/>
</head>
<body>
  <div class='ocr_page' id='page_1' title='image "./physiologiamedi03lenhgoog_0209.png"; bbox 0 0 2956 4996; ppageno 0'>
   <div class='ocr_carea' id='block_1_1' title="bbox 156 365 1196 476">
    <p class='ocr_par' dir='ltr' id='par_1_1' title="bbox 156 365 1196 476">
     <span class='ocr_line' id='line_1_1' title="bbox 156 365 1196 476; baseline 0.003 -3"><span class='ocrx_word' id='word_1_1' title='bbox 156 415 160 425; x_wconf 90' lang='grc'><strong><em>·</em></strong></span> <span class='ocrx_word' id='word_1_2' title='bbox 276 417 337 475; x_wconf 78' lang='lat' dir='ltr'><strong>sio</strong></span> <span class='ocrx_word' id='word_1_3' title='bbox 422 403 509 472; x_wconf 79' lang='lat' dir='ltr'><strong>Lis.</strong></span> <span class='ocrx_word' id='word_1_4' title='bbox 531 402 559 470; x_wconf 89' lang='lat'><strong>1.</strong></span> <span class='ocrx_word' id='word_1_5' title='bbox 581 399 757 470; x_wconf 69' lang='lat' dir='ltr'><strong>cir-111.</strong></span> <span class='ocrx_word' id='word_1_6' title='bbox 781 402 841 470; x_wconf 73' lang='lat' dir='ltr'><strong>Dr</strong></span> <span class='ocrx_word' id='word_1_7' title='bbox 863 365 1196 476; x_wconf 42' lang='lat' dir='ltr'><strong>asserasrrours</strong></span> 
     </span>
    </p>
   </div>
   <div class='ocr_carea' id='block_1_2' title="bbox 180 546 1316 1041">
    <p class='ocr_par' dir='ltr' id='par_1_2' title="bbox 271 546 1314 625">
     <span class='ocr_line' id='line_1_2' title="bbox 271 546 1314 625; baseline 0.01 -12"><span class='ocrx_word' id='word_1_8' title='bbox 271 549 343 614; x_wconf 83' lang='lat' dir='ltr'><strong>alii</strong></span> <span class='ocrx_word' id='word_1_9' title='bbox 365 549 451 619; x_wconf 89' lang='lat' dir='ltr'><strong>cell.</strong></span> <span class='ocrx_word' id='word_1_10' title='bbox 478 549 555 614; x_wconf 80' lang='lat' dir='ltr'><strong>viri</strong></span> <span class='ocrx_word' id='word_1_11' title='bbox 584 546 863 625; x_wconf 76' lang='lat' dir='ltr'><strong>ostenderunt,</strong></span> <span class='ocrx_word' id='word_1_12' title='bbox 894 552 1155 618; x_wconf 84' lang='lat' dir='ltr'><strong>musculorum</strong></span> <span class='ocrx_word' id='word_1_13' title='bbox 1180 573 1314 624; x_wconf 84' lang='lat' dir='ltr'><strong>eorum</strong></span> 
     </span>
    </p>

    <p class='ocr_par' dir='ltr' id='par_1_3' title="bbox 180 651 1316 1041">
     <span class='ocr_line' id='line_1_3' title="bbox 267 651 1315 744; baseline 0.006 -28"><span class='ocrx_word' id='word_1_14' title='bbox 267 653 389 731; x_wconf 80' lang='lat' dir='ltr'><strong>fibras</strong></span> <span class='ocrx_word' id='word_1_15' title='bbox 411 653 640 739; x_wconf 85' lang='lat' dir='ltr'><strong>sicquidem</strong></span> <span class='ocrx_word' id='word_1_16' title='bbox 660 651 866 744; x_wconf 80' lang='lat' dir='ltr'><strong>dispositas</strong></span> <span class='ocrx_word' id='word_1_17' title='bbox 888 675 988 730; x_wconf 87' lang='lat' dir='ltr'><strong>esse,</strong></span> <span class='ocrx_word' id='word_1_18' title='bbox 1015 660 1058 719; x_wconf 92' lang='lat' dir='ltr'><strong>ut</strong></span> <span class='ocrx_word' id='word_1_19' title='bbox 1081 659 1230 722; x_wconf 82' lang='lat' dir='ltr'>externi</span> <span class='ocrx_word' id='word_1_20' title='bbox 1253 678 1315 722; x_wconf 58' lang='lat' dir='ltr'><strong>co*-</strong></span> 
     </span>
     <span class='ocr_line' id='line_1_4' title="bbox 180 741 1313 836; baseline 0.006 -20"><span class='ocrx_word' id='word_1_21' title='bbox 180 741 183 744; x_wconf 55' lang='grc'><strong>’</strong></span> <span class='ocrx_word' id='word_1_22' title='bbox 266 757 347 816; x_wconf 83' lang='lat' dir='ltr'><strong>stas</strong></span> <span class='ocrx_word' id='word_1_23' title='bbox 368 759 588 820; x_wconf 83' lang='lat' dir='ltr'><strong>antrorsum</strong></span> <span class='ocrx_word' id='word_1_24' title='bbox 619 753 761 822; x_wconf 88' lang='lat' dir='ltr'><strong>ducant</strong></span> <span class='ocrx_word' id='word_1_25' title='bbox 783 755 1054 836; x_wconf 31' lang='lat' dir='ltr'><strong>stlattollant,</strong></span> <span class='ocrx_word' id='word_1_26' title='bbox 1075 758 1223 824; x_wconf 87' lang='lat' dir='ltr'><strong>interni</strong></span> <span class='ocrx_word' id='word_1_27' title='bbox 1245 781 1313 823; x_wconf 87' lang='lat' dir='ltr'><strong>an-</strong></span> 
     </span>
     <span class='ocr_line' id='line_1_5' title="bbox 267 855 1315 944; baseline 0.009 -26"><span class='ocrx_word' id='word_1_28' title='bbox 267 859 347 918; x_wconf 87' lang='lat' dir='ltr'><strong>tem</strong></span> <span class='ocrx_word' id='word_1_29' title='bbox 371 857 576 920; x_wconf 80' lang='lat' dir='ltr'><strong>retrahant</strong></span> <span class='ocrx_word' id='word_1_30' title='bbox 598 861 636 920; x_wconf 88' lang='lat' dir='ltr'><strong>et</strong></span> <span class='ocrx_word' id='word_1_31' title='bbox 658 874 809 928; x_wconf 85' lang='lat' dir='ltr'><strong>sursum</strong></span> <span class='ocrx_word' id='word_1_32' title='bbox 840 855 1003 922; x_wconf 84' lang='lat' dir='ltr'><strong>ducant=</strong></span> <span class='ocrx_word' id='word_1_33' title='bbox 1023 861 1115 944; x_wconf 82' lang='lat' dir='ltr'><strong>quia</strong></span> <span class='ocrx_word' id='word_1_34' title='bbox 1141 881 1231 927; x_wconf 79' lang='lat' dir='ltr'><strong>vero</strong></span> <span class='ocrx_word' id='word_1_35' title='bbox 1253 862 1315 926; x_wconf 90' lang='lat' dir='ltr'><strong>in·</strong></span> 
     </span>
     <span class='ocr_line' id='line_1_6' title="bbox 266 959 1316 1041; baseline 0.009 -20"><span class='ocrx_word' id='word_1_36' title='bbox 266 959 370 1024; x_wconf 85' lang='lat' dir='ltr'><strong>terni</strong></span> <span class='ocrx_word' id='word_1_37' title='bbox 390 979 475 1024; x_wconf 89' lang='lat' dir='ltr'><strong>cum</strong></span> <span class='ocrx_word' id='word_1_38' title='bbox 500 960 690 1037; x_wconf 83' lang='lat' dir='ltr'><strong>externis,</strong></span> <span class='ocrx_word' id='word_1_39' title='bbox 711 965 847 1041; x_wconf 81' lang='lat' dir='ltr'>utpote</span> <span class='ocrx_word' id='word_1_40' title='bbox 870 963 1051 1028; x_wconf 72' lang='lat' dir='ltr'><strong>cilluloso</strong></span> <span class='ocrx_word' id='word_1_41' title='bbox 1084 972 1193 1032; x_wconf 79' lang='lat' dir='ltr'><strong>textu</strong></span> <span class='ocrx_word' id='word_1_42' title='bbox 1226 986 1316 1030; x_wconf 87' lang='lat' dir='ltr'><strong>con·</strong></span> 
     </span>
    </p>
   </div>
   <div class='ocr_carea' id='block_1_3' title="bbox 148 1059 1315 1146">
    <p class='ocr_par' dir='ltr' id='par_1_4' title="bbox 148 1059 1315 1146">
     <span class='ocr_line' id='line_1_7' title="bbox 148 1059 1315 1146; baseline 0.007 -18"><span class='ocrx_word' id='word_1_43' title='bbox 148 1119 155 1128; x_wconf 84' lang='lat'><em>.</em></span> <span class='ocrx_word' id='word_1_44' title='bbox 267 1059 414 1144; x_wconf 82' lang='lat' dir='ltr'><strong>juncti,</strong></span> <span class='ocrx_word' id='word_1_45' title='bbox 434 1062 553 1126; x_wconf 89' lang='lat' dir='ltr'><strong>simul</strong></span> <span class='ocrx_word' id='word_1_46' title='bbox 581 1068 723 1146; x_wconf 79' lang='lat' dir='ltr'><strong>agunt,</strong></span> <span class='ocrx_word' id='word_1_47' title='bbox 742 1064 803 1126; x_wconf 76' lang='lat' dir='ltr'><strong>uei</strong></span> <span class='ocrx_word' id='word_1_48' title='bbox 833 1064 972 1128; x_wconf 83' lang='lat' dir='ltr'><strong>saltem</strong></span> <span class='ocrx_word' id='word_1_49' title='bbox 991 1067 1109 1130; x_wconf 88' lang='lat' dir='ltr'><strong>simul</strong></span> <span class='ocrx_word' id='word_1_50' title='bbox 1131 1064 1315 1136; x_wconf 72' lang='lat' dir='ltr'><strong>contrahi</strong></span> 
     </span>
    </p>
   </div>
   <div class='ocr_carea' id='block_1_4' title="bbox 187 1165 1383 1798">
    <p class='ocr_par' dir='ltr' id='par_1_5' title="bbox 187 1165 1376 1466">
     <span class='ocr_line' id='line_1_8' title="bbox 266 1165 1315 1251; baseline 0.007 -23"><span class='ocrx_word' id='word_1_51' title='bbox 266 1170 382 1250; x_wconf 83' lang='lat' dir='ltr'><strong>atque</strong></span> <span class='ocrx_word' id='word_1_52' title='bbox 406 1165 572 1251; x_wconf 75' lang='lat' dir='ltr'><strong>expandi</strong></span> <span class='ocrx_word' id='word_1_53' title='bbox 592 1167 737 1230; x_wconf 88' lang='lat' dir='ltr'><strong>debant</strong></span> <span class='ocrx_word' id='word_1_54' title='bbox 748 1205 760 1240; x_wconf 91' lang='lat'>,</span> <span class='ocrx_word' id='word_1_55' title='bbox 780 1166 1030 1233; x_wconf 81' lang='lat' dir='ltr'><strong>manifestum</strong></span> <span class='ocrx_word' id='word_1_56' title='bbox 1052 1179 1131 1246; x_wconf 85' lang='lat' dir='ltr'><strong>est,</strong></span> <span class='ocrx_word' id='word_1_57' title='bbox 1158 1175 1315 1240; x_wconf 84' lang='lat' dir='ltr'><strong>actione</strong></span> 
     </span>
     <span class='ocr_line' id='line_1_9' title="bbox 187 1267 1316 1358; baseline 0.008 -28"><span class='ocrx_word' id='word_1_58' title='bbox 187 1311 192 1323; x_wconf 41' lang='lat' dir='ltr'><strong>i</strong></span> <span class='ocrx_word' id='word_1_59' title='bbox 243 1267 404 1334; x_wconf 57' lang='lat' dir='ltr'><strong>‘harum</strong></span> <span class='ocrx_word' id='word_1_60' title='bbox 427 1268 603 1334; x_wconf 87' lang='lat' dir='ltr'><strong>carnium</strong></span> <span class='ocrx_word' id='word_1_61' title='bbox 624 1273 820 1332; x_wconf 86' lang='lat' dir='ltr'><strong>costarum</strong></span> <span class='ocrx_word' id='word_1_62' title='bbox 850 1269 1070 1335; x_wconf 85' lang='lat' dir='ltr'><strong>interstitia</strong></span> <span class='ocrx_word' id='word_1_63' title='bbox 1090 1276 1316 1358; x_wconf 80' lang='lat' dir='ltr'><strong>angustari,</strong></span> 
     </span>
     <span class='ocr_line' id='line_1_10' title="bbox 263 1363 1376 1466; baseline 0.007 -29"><span class='ocrx_word' id='word_1_64' title='bbox 263 1371 437 1466; x_wconf 23' lang='lat' dir='ltr'><strong>adeoque!</strong></span> <span class='ocrx_word' id='word_1_65' title='bbox 452 1378 575 1438; x_wconf 84' lang='lat' dir='ltr'><strong>costas</strong></span> <span class='ocrx_word' id='word_1_66' title='bbox 593 1373 816 1448; x_wconf 78' lang='lat' dir='ltr'><strong>inferiores,</strong></span> <span class='ocrx_word' id='word_1_67' title='bbox 831 1373 952 1457; x_wconf 83' lang='lat' dir='ltr'><strong>magis</strong></span> <span class='ocrx_word' id='word_1_68' title='bbox 975 1376 1112 1462; x_wconf 80' lang='lat' dir='ltr'><strong>ntique</strong></span> <span class='ocrx_word' id='word_1_69' title='bbox 1132 1363 1314 1460; x_wconf 82' lang='lat' dir='ltr'><strong>mobiles,</strong></span> <span class='ocrx_word' id='word_1_70' title='bbox 1373 1399 1376 1408; x_wconf 73' lang='grc'>’</span> 
     </span>
    </p>

    <p class='ocr_par' dir='ltr' id='par_1_6' title="bbox 232 1461 1383 1688">
     <span class='ocr_line' id='line_1_11' title="bbox 232 1461 1220 1572; baseline -0.001 -28"><span class='ocrx_word' id='word_1_71' title='bbox 232 1469 236 1478; x_wconf 76' lang='grc'>’</span> <span class='ocrx_word' id='word_1_72' title='bbox 264 1479 315 1572; x_wconf 73' lang='lat' dir='ltr'><strong>aci</strong></span> <span class='ocrx_word' id='word_1_73' title='bbox 334 1476 555 1566; x_wconf 48' lang='lat' dir='ltr'><strong>superiores*</strong></span> <span class='ocrx_word' id='word_1_74' title='bbox 572 1461 767 1542; x_wconf 86' lang='lat' dir='ltr'><strong>firmiores</strong></span> <span class='ocrx_word' id='word_1_75' title='bbox 789 1473 840 1561; x_wconf 69' lang='lat' dir='ltr'><strong>(t.</strong></span> <span class='ocrx_word' id='word_1_76' title='bbox 859 1476 966 1563; x_wconf 77' lang='lat'>317.)</span> <span class='ocrx_word' id='word_1_77' title='bbox 977 1477 1132 1548; x_wconf 77' lang='lat' dir='ltr'><strong>adduci.</strong></span> <span class='ocrx_word' id='word_1_78' title='bbox 1192 1479 1220 1505; x_wconf 78' lang='lat'><strong>&#39;‘</strong></span> 
     </span>
     <span class='ocr_line' id='line_1_12' title="bbox 344 1583 1383 1688; baseline 0.004 -22"><span class='ocrx_word' id='word_1_79' title='bbox 344 1593 604 1668; x_wconf 83' lang='lat' dir='ltr'><strong>Musc&#39;ulorum</strong></span> <span class='ocrx_word' id='word_1_80' title='bbox 633 1599 947 1664; x_wconf 87' lang='lat' dir='ltr'><strong>intercostalium</strong></span> <span class='ocrx_word' id='word_1_81' title='bbox 980 1601 1082 1667; x_wconf 86' lang='lat' dir='ltr'><strong>actio</strong></span> <span class='ocrx_word' id='word_1_82' title='bbox 1113 1604 1312 1688; x_wconf 89' lang='lat' dir='ltr'><strong>sequenti·</strong></span> <span class='ocrx_word' id='word_1_83' title='bbox 1377 1583 1383 1592; x_wconf 40' lang='lat'>¹</span> 
     </span>
    </p>

    <p class='ocr_par' dir='ltr' id='par_1_7' title="bbox 261 1686 1309 1798">
     <span class='ocr_line' id='line_1_13' title="bbox 261 1686 1309 1798; baseline -0.002 -26"><span class='ocrx_word' id='word_1_84' title='bbox 261 1709 332 1776; x_wconf 87' lang='lat' dir='ltr'><strong>bus</strong></span> <span class='ocrx_word' id='word_1_85' title='bbox 374 1686 582 1783; x_wconf 73' lang='lat' dir='ltr'><strong>adjuvatur</strong></span> <span class='ocrx_word' id='word_1_86' title='bbox 613 1704 822 1798; x_wconf 72' lang='lat' dir='ltr'><strong>musculist</strong></span> <span class='ocrx_word' id='word_1_87' title='bbox 856 1703 1197 1770; x_wconf 80' lang='lat' dir='ltr'><strong>levatoribus</strong></span> <span class='ocrx_word' id='word_1_88' title='bbox 1238 1727 1309 1770; x_wconf 94' lang='lat' dir='ltr'><strong>co-</strong></span> 
     </span>
    </p>
   </div>
   <div class='ocr_carea' id='block_1_5' title="bbox 147 1805 1314 1890">
    <p class='ocr_par' dir='ltr' id='par_1_8' title="bbox 147 1805 1314 1890">
     <span class='ocr_line' id='line_1_14' title="bbox 147 1805 1314 1890; baseline -0.002 -13"><span class='ocrx_word' id='word_1_89' title='bbox 147 1874 150 1878; x_wconf 88' lang='grc'><em>,</em></span> <span class='ocrx_word' id='word_1_90' title='bbox 262 1817 343 1875; x_wconf 85' lang='lat' dir='ltr'><strong>sta</strong></span> <span class='ocrx_word' id='word_1_91' title='bbox 358 1829 411 1874; x_wconf 88' lang='lat' dir='ltr'><strong>ru</strong></span> <span class='ocrx_word' id='word_1_92' title='bbox 425 1829 483 1882; x_wconf 90' lang='lat' dir='ltr'><strong>m,</strong></span> <span class='ocrx_word' id='word_1_93' title='bbox 499 1807 563 1890; x_wconf 87' lang='lat' dir='ltr'><strong>qui</strong></span> <span class='ocrx_word' id='word_1_94' title='bbox 588 1827 611 1869; x_wconf 91' lang='lat' dir='ltr'><strong>a</strong></span> <span class='ocrx_word' id='word_1_95' title='bbox 630 1805 872 1887; x_wconf 79' lang='lat' dir='ltr'><strong>processibus</strong></span> <span class='ocrx_word' id='word_1_96' title='bbox 896 1807 1127 1872; x_wconf 83' lang='lat' dir='ltr'><strong>transversis</strong></span> <span class='ocrx_word' id='word_1_97' title='bbox 1147 1809 1314 1875; x_wconf 84' lang='lat' dir='ltr'><strong>ultimae</strong></span> 
     </span>
    </p>
   </div>
   <div class='ocr_carea' id='block_1_6' title="bbox 131 1909 1376 2934">
    <p class='ocr_par' dir='ltr' id='par_1_9' title="bbox 131 1909 1376 2934">
     <span class='ocr_line' id='line_1_15' title="bbox 203 1909 1309 1997; baseline -0.004 -17"><span class='ocrx_word' id='word_1_98' title='bbox 203 1991 205 1997; x_wconf 28' lang='grc' dir='ltr'>Ι</span> <span class='ocrx_word' id='word_1_99' title='bbox 259 1915 439 1980; x_wconf 82' lang='lat' dir='ltr'><strong>vatebrac</strong></span> <span class='ocrx_word' id='word_1_100' title='bbox 461 1912 552 1976; x_wconf 91' lang='lat' dir='ltr'><strong>colli</strong></span> <span class='ocrx_word' id='word_1_101' title='bbox 573 1917 612 1974; x_wconf 90' lang='lat' dir='ltr'><strong>et</strong></span> <span class='ocrx_word' id='word_1_102' title='bbox 630 1909 811 1974; x_wconf 79' lang='lat' dir='ltr'><strong>undecim</strong></span> <span class='ocrx_word' id='word_1_103' title='bbox 841 1911 1109 1974; x_wconf 86' lang='lat' dir='ltr'><strong>vertebrarum</strong></span> <span class='ocrx_word' id='word_1_104' title='bbox 1142 1912 1309 1976; x_wconf 84' lang='lat' dir='ltr'><strong>dorsali-</strong></span> 
     </span>
     <span class='ocr_line' id='line_1_16' title="bbox 259 2012 1376 2104; baseline -0.003 -22"><span class='ocrx_word' id='word_1_105' title='bbox 259 2037 326 2104; x_wconf 73' lang='lat' dir='ltr'><strong>pm</strong></span> <span class='ocrx_word' id='word_1_106' title='bbox 346 2015 545 2088; x_wconf 87' lang='lat' dir='ltr'><strong>oriuntur,</strong></span> <span class='ocrx_word' id='word_1_107' title='bbox 568 2012 741 2098; x_wconf 85' lang='lat' dir='ltr'>ipsisque</span> <span class='ocrx_word' id='word_1_108' title='bbox 765 2012 881 2076; x_wconf 75' lang='lat' dir='ltr'><strong>costis</strong></span> <span class='ocrx_word' id='word_1_109' title='bbox 902 2012 1123 2081; x_wconf 85' lang='lat' dir='ltr'><strong>inseruntur</strong></span> <span class='ocrx_word' id='word_1_110' title='bbox 1143 2019 1308 2102; x_wconf 87' lang='lat' dir='ltr'><strong>a);ser-</strong></span> <span class='ocrx_word' id='word_1_111' title='bbox 1372 2025 1376 2032; x_wconf 83' lang='grc'><em>“</em></span> 
     </span>
     <span class='ocr_line' id='line_1_17' title="bbox 259 2115 1311 2206; baseline 0.001 -21"><span class='ocrx_word' id='word_1_112' title='bbox 259 2117 600 2206; x_wconf 73' lang='lat' dir='ltr'><strong>ratopostico</strong></span> <span class='ocrx_word' id='word_1_113' title='bbox 625 2115 1311 2202; x_wconf 84' lang='lat' dir='ltr'><strong>superiore,quitendinetenui</strong></span> 
     </span>
     <span class='ocr_line' id='line_1_18' title="bbox 259 2217 1309 2308; baseline -0.002 -20"><span class='ocrx_word' id='word_1_114' title='bbox 259 2245 284 2288; x_wconf 84' lang='lat' dir='ltr'><strong>a</strong></span> <span class='ocrx_word' id='word_1_115' title='bbox 304 2222 543 2308; x_wconf 80' lang='lat' dir='ltr'><strong>processibus</strong></span> <span class='ocrx_word' id='word_1_116' title='bbox 575 2218 741 2308; x_wconf 79' lang='lat' dir='ltr'><strong>spinosis</strong></span> <span class='ocrx_word' id='word_1_117' title='bbox 772 2217 935 2288; x_wconf 69' lang='lat' dir='ltr'><strong>duarum</strong></span> <span class='ocrx_word' id='word_1_118' title='bbox 966 2218 1191 2286; x_wconf 87' lang='lat' dir='ltr'><strong>infimarum</strong></span> <span class='ocrx_word' id='word_1_119' title='bbox 1216 2225 1309 2288; x_wconf 91' lang='lat' dir='ltr'><strong>colli</strong></span> 
     </span>
     <span class='ocr_line' id='line_1_19' title="bbox 258 2323 1345 2411; baseline -0.006 -16"><span class='ocrx_word' id='word_1_120' title='bbox 258 2336 302 2396; x_wconf 83' lang='lat' dir='ltr'><strong>et</strong></span> <span class='ocrx_word' id='word_1_121' title='bbox 319 2329 440 2393; x_wconf 83' lang='lat' dir='ltr'><strong>trium</strong></span> <span class='ocrx_word' id='word_1_122' title='bbox 461 2341 730 2411; x_wconf 85' lang='lat' dir='ltr'><strong>supremarum</strong></span> <span class='ocrx_word' id='word_1_123' title='bbox 750 2323 920 2388; x_wconf 80' lang='lat' dir='ltr'><strong>thoracis</strong></span> <span class='ocrx_word' id='word_1_124' title='bbox 944 2325 1210 2388; x_wconf 83' lang='lat' dir='ltr'><strong>vertebrarum</strong></span> <span class='ocrx_word' id='word_1_125' title='bbox 1231 2326 1310 2389; x_wconf 85' lang='lat' dir='ltr'><strong>ori·</strong></span> <span class='ocrx_word' id='word_1_126' title='bbox 1343 2323 1345 2334; x_wconf 89' lang='lat'>&#39;</span> 
     </span>
     <span class='ocr_line' id='line_1_20' title="bbox 258 2423 1304 2518; baseline -0.004 -21"><span class='ocrx_word' id='word_1_127' title='bbox 258 2437 344 2508; x_wconf 88' lang='lat' dir='ltr'><strong>tur,</strong></span> <span class='ocrx_word' id='word_1_128' title='bbox 368 2437 484 2518; x_wconf 88' lang='lat' dir='ltr'><strong>atque</strong></span> <span class='ocrx_word' id='word_1_129' title='bbox 517 2426 746 2492; x_wconf 87' lang='lat' dir='ltr'><strong>descendens</strong></span> <span class='ocrx_word' id='word_1_130' title='bbox 781 2424 926 2488; x_wconf 89' lang='lat' dir='ltr'><strong>finibus</strong></span> <span class='ocrx_word' id='word_1_131' title='bbox 955 2423 1134 2510; x_wconf 79' lang='lat' dir='ltr'><strong>digitatis</strong></span> <span class='ocrx_word' id='word_1_132' title='bbox 1169 2428 1209 2490; x_wconf 91' lang='lat' dir='ltr'><strong>in</strong></span> <span class='ocrx_word' id='word_1_133' title='bbox 1242 2447 1304 2493; x_wconf 91' lang='lat' dir='ltr'><strong>co-</strong></span> 
     </span>
     <span class='ocr_line' id='line_1_21' title="bbox 192 2514 1306 2622; baseline 0 -21"><span class='ocrx_word' id='word_1_134' title='bbox 192 2514 194 2526; x_wconf 41' lang='lat'><em>*</em></span> <span class='ocrx_word' id='word_1_135' title='bbox 261 2541 364 2602; x_wconf 77' lang='lat' dir='ltr'><strong>stam</strong></span> <span class='ocrx_word' id='word_1_136' title='bbox 394 2531 602 2622; x_wconf 75' lang='lat' dir='ltr'><strong>secundam</strong></span> <span class='ocrx_word' id='word_1_137' title='bbox 613 2576 624 2610; x_wconf 94' lang='lat'><em>,</em></span> <span class='ocrx_word' id='word_1_138' title='bbox 642 2528 801 2594; x_wconf 85' lang='lat' dir='ltr'><strong>tertiam</strong></span> <span class='ocrx_word' id='word_1_139' title='bbox 812 2551 833 2610; x_wconf 55' lang='lat'><strong>,⁴</strong></span> <span class='ocrx_word' id='word_1_140' title='bbox 854 2515 1035 2615; x_wconf 85' lang='lat' dir='ltr'><strong>quartam</strong></span> <span class='ocrx_word' id='word_1_141' title='bbox 1065 2532 1306 2618; x_wconf 77' lang='lat' dir='ltr'><strong>etquintam</strong></span> 
     </span>
     <span class='ocr_line' id='line_1_22' title="bbox 256 2631 1306 2720; baseline -0.002 -18"><span class='ocrx_word' id='word_1_142' title='bbox 256 2635 538 2720; x_wconf 85' lang='lat' dir='ltr'><strong>inseriturb);</strong></span> <span class='ocrx_word' id='word_1_143' title='bbox 562 2631 790 2698; x_wconf 78' lang='lat' dir='ltr'><strong>scalenis</strong></span> <span class='ocrx_word' id='word_1_144' title='bbox 823 2632 1113 2720; x_wconf 84' lang='lat' dir='ltr'><strong>anteriore,</strong></span> <span class='ocrx_word' id='word_1_145' title='bbox 1141 2635 1306 2700; x_wconf 85' lang='lat' dir='ltr'><strong>medio</strong></span> 
     </span>
     <span class='ocr_line' id='line_1_23' title="bbox 257 2733 1306 2826; baseline -0.003 -22"><span class='ocrx_word' id='word_1_146' title='bbox 257 2746 297 2814; x_wconf 80' lang='lat' dir='ltr'><strong>et</strong></span> <span class='ocrx_word' id='word_1_147' title='bbox 317 2739 644 2826; x_wconf 79' lang='lat' dir='ltr'><strong>posteriore,</strong></span> <span class='ocrx_word' id='word_1_148' title='bbox 668 2733 734 2820; x_wconf 86' lang='lat' dir='ltr'><strong>qui</strong></span> <span class='ocrx_word' id='word_1_149' title='bbox 758 2733 983 2822; x_wconf 81' lang='lat' dir='ltr'><strong>tendinibus</strong></span> <span class='ocrx_word' id='word_1_150' title='bbox 1007 2736 1085 2800; x_wconf 87' lang='lat' dir='ltr'><strong>suis</strong></span> <span class='ocrx_word' id='word_1_151' title='bbox 1110 2757 1133 2799; x_wconf 88' lang='lat' dir='ltr'><strong>a</strong></span> <span class='ocrx_word' id='word_1_152' title='bbox 1153 2757 1306 2820; x_wconf 84' lang='lat' dir='ltr'><strong>proces·</strong></span> 
     </span>
     <span class='ocr_line' id='line_1_24' title="bbox 131 2821 1307 2934; baseline -0.005 -24"><span class='ocrx_word' id='word_1_153' title='bbox 131 2863 135 2870; x_wconf 85' lang='lat'><em>·</em></span> <span class='ocrx_word' id='word_1_154' title='bbox 254 2841 611 2934; x_wconf 68' lang='lat' dir='ltr'><strong>sibus‘transversis</strong></span> <span class='ocrx_word' id='word_1_155' title='bbox 632 2821 898 2903; x_wconf 80' lang='lat' dir='ltr'><strong>v&#39;ertebrarum</strong></span> <span class='ocrx_word' id='word_1_156' title='bbox 918 2837 1010 2902; x_wconf 88' lang='lat' dir='ltr'><strong>colli</strong></span> <span class='ocrx_word' id='word_1_157' title='bbox 1029 2839 1230 2918; x_wconf 86' lang='lat' dir='ltr'><strong>oriuntur,</strong></span> <span class='ocrx_word' id='word_1_158' title='bbox 1245 2843 1307 2905; x_wconf 89' lang='lat' dir='ltr'><strong>in·</strong></span> 
     </span>
    </p>
   </div>
   <div class='ocr_carea' id='block_1_7' title="bbox 124 2933 1304 3032">
    <p class='ocr_par' dir='ltr' id='par_1_10' title="bbox 124 2933 1304 3032">
     <span class='ocr_line' id='line_1_25' title="bbox 124 2933 1304 3032; baseline 0.001 -23"><span class='ocrx_word' id='word_1_159' title='bbox 124 2989 130 3000; x_wconf 72' lang='lat'>.</span> <span class='ocrx_word' id='word_1_160' title='bbox 205 2933 207 2940; x_wconf 59' lang='grc'><em>’</em></span> <span class='ocrx_word' id='word_1_161' title='bbox 255 2966 329 3032; x_wconf 83' lang='lat' dir='ltr'><strong>que</strong></span> <span class='ocrx_word' id='word_1_162' title='bbox 352 2952 475 3018; x_wconf 80' lang='lat' dir='ltr'><strong>costas</strong></span> <span class='ocrx_word' id='word_1_163' title='bbox 497 2942 589 3008; x_wconf 86' lang='lat' dir='ltr'><strong>duas</strong></span> <span class='ocrx_word' id='word_1_164' title='bbox 610 2941 754 3026; x_wconf 79' lang='lat' dir='ltr'><strong>primas</strong></span> <span class='ocrx_word' id='word_1_165' title='bbox 767 2980 777 3014; x_wconf 88' lang='lat'>‚</span> <span class='ocrx_word' id='word_1_166' title='bbox 799 2933 1121 3024; x_wconf 68' lang='lat' dir='ltr'><strong>qliae-attollunt,</strong></span> <span class='ocrx_word' id='word_1_167' title='bbox 1143 2945 1206 3016; x_wconf 80' lang='lat' dir='ltr'><strong>val</strong></span> <span class='ocrx_word' id='word_1_168' title='bbox 1227 2946 1304 3010; x_wconf 83' lang='lat' dir='ltr'><strong>sal·</strong></span> 
     </span>
    </p>
   </div>
   <div class='ocr_carea' id='block_1_8' title="bbox 253 3042 1305 3134">
    <p class='ocr_par' dir='ltr' id='par_1_11' title="bbox 253 3042 1305 3134">
     <span class='ocr_line' id='line_1_26' title="bbox 253 3042 1305 3134; baseline -0.002 -20"><span class='ocrx_word' id='word_1_169' title='bbox 253 3053 336 3128; x_wconf 80' lang='lat' dir='ltr'><strong>tem</strong></span> <span class='ocrx_word' id='word_1_170' title='bbox 354 3048 485 3134; x_wconf 81' lang='lat' dir='ltr'><strong>figunt</strong></span> <span class='ocrx_word' id='word_1_171' title='bbox 495 3091 507 3125; x_wconf 88' lang='lat'><strong><em>,</em></strong></span> <span class='ocrx_word' id='word_1_172' title='bbox 526 3043 720 3111; x_wconf 83' lang='lat' dir='ltr'><strong>tendineis</strong></span> <span class='ocrx_word' id='word_1_173' title='bbox 738 3042 884 3108; x_wconf 87' lang='lat' dir='ltr'><strong>finibus</strong></span> <span class='ocrx_word' id='word_1_174' title='bbox 908 3063 988 3108; x_wconf 84' lang='lat' dir='ltr'><strong>sese</strong></span> <span class='ocrx_word' id='word_1_175' title='bbox 1008 3043 1232 3110; x_wconf 87' lang='lat' dir='ltr'><strong>immittunt</strong></span> <span class='ocrx_word' id='word_1_176' title='bbox 1254 3047 1305 3132; x_wconf 90' lang='lat' dir='ltr'><strong>c).</strong></span> 
     </span>
    </p>
   </div>
   <div class='ocr_carea' id='block_1_9' title="bbox 337 3169 1306 3278">
    <p class='ocr_par' dir='ltr' id='par_1_12' title="bbox 337 3169 1306 3278">
     <span class='ocr_line' id='line_1_27' title="bbox 337 3169 1306 3278; baseline 0 -25"><span class='ocrx_word' id='word_1_177' title='bbox 337 3188 557 3254; x_wconf 75' lang='lat' dir='ltr'><strong>Detrahunt</strong></span> <span class='ocrx_word' id='word_1_178' title='bbox 577 3190 722 3250; x_wconf 74' lang='lat' dir='ltr'><strong>costas:</strong></span> <span class='ocrx_word' id='word_1_179' title='bbox 743 3169 937 3248; x_wconf 70' lang='lat' dir='ltr'><strong>muscului</strong></span> <span class='ocrx_word' id='word_1_180' title='bbox 969 3191 1204 3278; x_wconf 79' lang='lat' dir='ltr'><strong>serratus</strong></span> <span class='ocrx_word' id='word_1_181' title='bbox 1224 3207 1306 3271; x_wconf 90' lang='lat' dir='ltr'><strong>po·</strong></span> 
     </span>
    </p>
   </div>
   <div class='ocr_carea' id='block_1_10' title="bbox 198 3274 1434 3374">
    <p class='ocr_par' dir='ltr' id='par_1_13' title="bbox 198 3274 1434 3374">
     <span class='ocr_line' id='line_1_28' title="bbox 198 3274 1434 3374; baseline -0.007 -15"><span class='ocrx_word' id='word_1_182' title='bbox 198 3342 201 3346; x_wconf 83' lang='lat'>-</span> <span class='ocrx_word' id='word_1_183' title='bbox 234 3274 422 3358; x_wconf 73' lang='lat' dir='ltr'><strong>¹stione</strong></span> <span class='ocrx_word' id='word_1_184' title='bbox 446 3290 700 3362; x_wconf 79' lang='lat' dir='ltr'><strong>inferior,</strong></span> <span class='ocrx_word' id='word_1_185' title='bbox 724 3286 790 3372; x_wconf 89' lang='lat' dir='ltr'><strong>qui</strong></span> <span class='ocrx_word' id='word_1_186' title='bbox 820 3289 1103 3369; x_wconf 84' lang='lat' dir='ltr'><strong>aprocsssibus</strong></span> <span class='ocrx_word' id='word_1_187' title='bbox 1135 3290 1332 3374; x_wconf 52' lang='lat' dir='ltr'><strong>spinalis</strong></span> <span class='ocrx_word' id='word_1_188' title='bbox 1427 3337 1434 3350; x_wconf 91' lang='lat'><em>.</em></span> 
     </span>
    </p>
   </div>
   <div class='ocr_carea' id='block_1_11' title="bbox 214 3389 1301 3481">
    <p class='ocr_par' dir='ltr' id='par_1_14' title="bbox 214 3389 1301 3481">
     <span class='ocr_line' id='line_1_29' title="bbox 214 3389 1301 3481; baseline 0 -21"><span class='ocrx_word' id='word_1_189' title='bbox 214 3438 218 3443; x_wconf 90' lang='lat'><em>-</em></span> <span class='ocrx_word' id='word_1_190' title='bbox 254 3391 471 3460; x_wconf 80' lang='lat' dir='ltr'><strong>bustrium&#39;</strong></span> <span class='ocrx_word' id='word_1_191' title='bbox 492 3390 721 3455; x_wconf 86' lang='lat' dir='ltr'><strong>ultimarum</strong></span> <span class='ocrx_word' id='word_1_192' title='bbox 753 3389 948 3470; x_wconf 85' lang='lat' dir='ltr'><strong>thoracis,</strong></span> <span class='ocrx_word' id='word_1_193' title='bbox 970 3397 1008 3456; x_wconf 86' lang='lat' dir='ltr'><strong>et</strong></span> <span class='ocrx_word' id='word_1_194' title='bbox 1031 3391 1194 3460; x_wconf 77' lang='lat' dir='ltr'><strong>duarum</strong></span> <span class='ocrx_word' id='word_1_195' title='bbox 1220 3395 1301 3481; x_wconf 85' lang='lat' dir='ltr'><strong>pri·</strong></span> 
     </span>
    </p>
   </div>
   <div class='ocr_carea' id='block_1_12' title="bbox 129 3493 1302 3585">
    <p class='ocr_par' dir='ltr' id='par_1_15' title="bbox 129 3493 1302 3585">
     <span class='ocr_line' id='line_1_30' title="bbox 129 3493 1302 3585; baseline 0.007 -28"><span class='ocrx_word' id='word_1_196' title='bbox 129 3537 133 3544; x_wconf 90' lang='lat'><em>-</em></span> <span class='ocrx_word' id='word_1_197' title='bbox 254 3515 408 3562; x_wconf 85' lang='lat' dir='ltr'><strong>marum</strong></span> <span class='ocrx_word' id='word_1_198' title='bbox 438 3495 680 3559; x_wconf 82' lang='lat' dir='ltr'><strong>lumbclium¹</strong></span> <span class='ocrx_word' id='word_1_199' title='bbox 700 3493 968 3558; x_wconf 77' lang='lat' dir='ltr'><strong>vertebrarum</strong></span> <span class='ocrx_word' id='word_1_200' title='bbox 993 3499 1121 3580; x_wconf 86' lang='lat' dir='ltr'><strong>ortus,</strong></span> <span class='ocrx_word' id='word_1_201' title='bbox 1142 3498 1184 3562; x_wconf 90' lang='lat' dir='ltr'><strong>in</strong></span> <span class='ocrx_word' id='word_1_202' title='bbox 1206 3517 1302 3585; x_wconf 80' lang='lat' dir='ltr'><strong>qua·</strong></span> 
     </span>
    </p>
   </div>
   <div class='ocr_carea' id='block_1_13' title="bbox 150 3594 1310 4492">
    <p class='ocr_par' dir='ltr' id='par_1_16' title="bbox 150 3594 1310 4492">
     <span class='ocr_line' id='line_1_31' title="bbox 252 3594 1300 3685; baseline 0.004 -23"><span class='ocrx_word' id='word_1_203' title='bbox 252 3603 342 3664; x_wconf 84' lang='lat' dir='ltr'><strong>tuor</strong></span> <span class='ocrx_word' id='word_1_204' title='bbox 371 3596 529 3664; x_wconf 87' lang='lat' dir='ltr'><strong>infimas</strong></span> <span class='ocrx_word' id='word_1_205' title='bbox 550 3596 700 3680; x_wconf 87' lang='lat' dir='ltr'><strong>spurias</strong></span> <span class='ocrx_word' id='word_1_206' title='bbox 731 3594 918 3660; x_wconf 85' lang='lat' dir='ltr'><strong>inseritur</strong></span> <span class='ocrx_word' id='word_1_207' title='bbox 949 3602 1095 3674; x_wconf 86' lang='lat' dir='ltr'><strong>costas,</strong></span> <span class='ocrx_word' id='word_1_208' title='bbox 1119 3615 1212 3685; x_wconf 84' lang='lat' dir='ltr'><strong>quas</strong></span> <span class='ocrx_word' id='word_1_209' title='bbox 1232 3601 1300 3666; x_wconf 86' lang='lat' dir='ltr'><strong>de·</strong></span> 
     </span>
     <span class='ocr_line' id='line_1_32' title="bbox 254 3695 1300 3788; baseline 0.003 -23"><span class='ocrx_word' id='word_1_210' title='bbox 254 3695 393 3767; x_wconf 67' lang='lat' dir='ltr'><strong>orsum&#39;</strong></span> <span class='ocrx_word' id='word_1_211' title='bbox 416 3707 455 3766; x_wconf 87' lang='lat' dir='ltr'><strong>et</strong></span> <span class='ocrx_word' id='word_1_212' title='bbox 477 3705 691 3763; x_wconf 79' lang='lat' dir='ltr'><strong>extrorsum</strong></span> <span class='ocrx_word' id='word_1_213' title='bbox 717 3696 824 3762; x_wconf 88' lang='lat' dir='ltr'><strong>ducit</strong></span> <span class='ocrx_word' id='word_1_214' title='bbox 854 3696 924 3784; x_wconf 83' lang='lat' dir='ltr'><strong>d);</strong></span> <span class='ocrx_word' id='word_1_215' title='bbox 943 3697 1300 3788; x_wconf 79' lang='lat' dir='ltr'><strong>triangularis</strong></span> 
     </span>
     <span class='ocr_line' id='line_1_33' title="bbox 251 3800 1310 3892; baseline -0.004 -23"><span class='ocrx_word' id='word_1_216' title='bbox 251 3803 421 3870; x_wconf 87' lang='lat' dir='ltr'><strong>sterni</strong></span> <span class='ocrx_word' id='word_1_217' title='bbox 455 3824 483 3866; x_wconf 88' lang='lat' dir='ltr'><strong>s.</strong></span> <span class='ocrx_word' id='word_1_218' title='bbox 518 3800 1099 3891; x_wconf 82' lang='lat' dir='ltr'><strong>sterno-costalis,·qui</strong></span> <span class='ocrx_word' id='word_1_219' title='bbox 1133 3815 1310 3892; x_wconf 82' lang='lat' dir='ltr'><strong>quatuor.</strong></span> 
     </span>
     <span class='ocr_line' id='line_1_34' title="bbox 252 3904 1298 3996; baseline 0.005 -23"><span class='ocrx_word' id='word_1_220' title='bbox 252 3915 321 3976; x_wconf 80' lang='lat' dir='ltr'><strong>cut</strong></span> <span class='ocrx_word' id='word_1_221' title='bbox 343 3907 511 3995; x_wconf 84' lang='lat' dir='ltr'><strong>quinqua</strong></span> <span class='ocrx_word' id='word_1_222' title='bbox 531 3904 737 3970; x_wconf 82' lang='lat' dir='ltr'><strong>fasciculos</strong></span> <span class='ocrx_word' id='word_1_223' title='bbox 756 3925 779 3967; x_wconf 87' lang='lat' dir='ltr'><strong>a</strong></span> <span class='ocrx_word' id='word_1_224' title='bbox 801 3904 923 3970; x_wconf 85' lang='lat' dir='ltr'><strong>sterni</strong></span> <span class='ocrx_word' id='word_1_225' title='bbox 944 3905 1098 3973; x_wconf 86' lang='lat' dir='ltr'><strong>interno</strong></span> <span class='ocrx_word' id='word_1_226' title='bbox 1119 3912 1298 3996; x_wconf 81' lang='lat' dir='ltr'><strong>margine</strong></span> 
     </span>
     <span class='ocr_line' id='line_1_35' title="bbox 256 4004 1297 4096; baseline 0.002 -24"><span class='ocrx_word' id='word_1_227' title='bbox 256 4009 306 4073; x_wconf 81' lang='lat' dir='ltr'><strong>od</strong></span> <span class='ocrx_word' id='word_1_228' title='bbox 327 4013 450 4074; x_wconf 83' lang='lat' dir='ltr'><strong>costas</strong></span> <span class='ocrx_word' id='word_1_229' title='bbox 471 4004 677 4071; x_wconf 77' lang='lat' dir='ltr'><strong>secundom</strong></span> <span class='ocrx_word' id='word_1_230' title='bbox 708 4017 829 4090; x_wconf 82' lang='lat' dir='ltr'><strong>nsque</strong></span> <span class='ocrx_word' id='word_1_231' title='bbox 855 4010 1003 4071; x_wconf 85' lang='lat' dir='ltr'><strong>sextam</strong></span> <span class='ocrx_word' id='word_1_232' title='bbox 1026 4009 1175 4087; x_wconf 90' lang='lat' dir='ltr'><strong>mittit,</strong></span> <span class='ocrx_word' id='word_1_233' title='bbox 1199 4028 1297 4096; x_wconf 85' lang='lat' dir='ltr'><strong>quas</strong></span> 
     </span>
     <span class='ocr_line' id='line_1_36' title="bbox 253 4107 1295 4198; baseline -0.001 -23"><span class='ocrx_word' id='word_1_234' title='bbox 253 4109 515 4198; x_wconf 70' lang='lat' dir='ltr'><strong>detrahitis).</strong></span> <span class='ocrx_word' id='word_1_235' title='bbox 547 4110 626 4173; x_wconf 87' lang='lat' dir='ltr'><strong>Huc</strong></span> <span class='ocrx_word' id='word_1_236' title='bbox 647 4107 767 4171; x_wconf 82' lang='lat' dir='ltr'><strong>etiam</strong></span> <span class='ocrx_word' id='word_1_237' title='bbox 786 4107 938 4174; x_wconf 83' lang='lat' dir='ltr'><strong>iaciunt</strong></span> <span class='ocrx_word' id='word_1_238' title='bbox 960 4112 1174 4194; x_wconf 84' lang='lat' dir='ltr'><strong>quadratus</strong></span> <span class='ocrx_word' id='word_1_239' title='bbox 1194 4112 1295 4175; x_wconf 73' lang='lat' dir='ltr'><strong>tuns·-</strong></span> 
     </span>
     <span class='ocr_line' id='line_1_37' title="bbox 245 4199 1299 4307; baseline 0.005 -29"><span class='ocrx_word' id='word_1_240' title='bbox 245 4199 415 4293; x_wconf 83' lang='lat' dir='ltr'><strong>borum,</strong></span> <span class='ocrx_word' id='word_1_241' title='bbox 435 4213 748 4293; x_wconf 82' lang='lat' dir='ltr'><strong>sacrolumbalis,</strong></span> <span class='ocrx_word' id='word_1_242' title='bbox 767 4212 1016 4296; x_wconf 76' lang='lat' dir='ltr'><strong>longissimus</strong></span> <span class='ocrx_word' id='word_1_243' title='bbox 1037 4217 1200 4298; x_wconf 68' lang='lat' dir='ltr'><strong>dorsiot</strong></span> <span class='ocrx_word' id='word_1_244' title='bbox 1220 4219 1299 4307; x_wconf 81' lang='lat' dir='ltr'><strong>ipsi</strong></span> 
     </span>
     <span class='ocr_line' id='line_1_38' title="bbox 150 4313 1309 4420; baseline -0.002 -38"><span class='ocrx_word' id='word_1_245' title='bbox 150 4325 153 4330; x_wconf 85' lang='lat'>&#39;</span> <span class='ocrx_word' id='word_1_246' title='bbox 233 4317 517 4420; x_wconf 73' lang='lat' dir='ltr'><strong>abdoininales</strong></span> <span class='ocrx_word' id='word_1_247' title='bbox 541 4313 705 4382; x_wconf 79' lang='lat' dir='ltr'><strong>musculi</strong></span> <span class='ocrx_word' id='word_1_248' title='bbox 726 4315 911 4408; x_wconf 63' lang='lat'><strong>(§·,276.)·</strong></span> <span class='ocrx_word' id='word_1_249' title='bbox 1304 4331 1309 4338; x_wconf 88' lang='lat'>·</span> 
     </span>
     <span class='ocr_line' id='line_1_39' title="bbox 199 4439 589 4492; baseline 0 0"><span class='ocrx_word' id='word_1_250' title='bbox 199 4439 205 4446; x_wconf 78' lang='grc'><strong>“</strong></span> <span class='ocrx_word' id='word_1_251' title='bbox 388 4439 391 4444; x_wconf 81' lang='grc'>’</span> <span class='ocrx_word' id='word_1_252' title='bbox 574 4446 589 4492; x_wconf 74' lang='lat' dir='ltr'><strong>s</strong></span> 
     </span>
    </p>
   </div>
   <div class='ocr_carea' id='block_1_14' title="bbox 0 0 1482 4996">
    <p class='ocr_par' dir='ltr' id='par_1_17' title="bbox 0 0 1482 4996">
     <span class='ocr_line' id='line_1_40' title="bbox 0 0 1482 4996; baseline 0 6"><span class='ocrx_word' id='word_1_253' title='bbox 0 0 1482 4996; x_wconf 95' lang='lat' dir='ltr'><strong> </strong></span> 
     </span>
    </p>
   </div>
  </div>
 </body>
</html>
