2892 5004
627 295 643 360 ‘l

263 407 266 412 ¹
295 429 403 495 Sucr-
415 422 461 494 11.
472 427 532 496 Dr
548 440 773 496 usrnocsr.
785 443 835 498 ur
851 445 1060 504 reccurrr.
1153 457 1196 526 39

253 573 289 644 b)
304 571 476 628 umen:
494 571 589 626 Elem.
602 563 691 644 phys.
713 571 790 626 vlu.
806 571 841 633 P.
858 574 894 628 ll.
910 595 940 650 p.
955 591 998 632 rr.
1013 589 1043 634 el
1056 579 1102 640 83.

257 703 287 770 c)
303 701 446 756 Annotrt.
462 699 594 761 academ.
608 699 680 756 lere.
696 701 718 756 l.
736 701 869 776 Preger,
885 709 965 778 1780.

608 901 639 971 §-
682 913 755 976 271.

343 1079 522 1146 Partes
546 1081 724 1148 molles
747 1083 1003 1157 carioris.

231 1243 410 1310 Munitur
434 1263 540 1308 ossea
564 1246 648 1340 cavi
677 1248 862 1332 crispare
891 1254 1067 1336 partibus
1096 1255 1191 1324 soli·

142 1345 421 1422 ‹lo-mollibus,
443 1365 539 1432 quae
557 1349 702 1430 partim
725 1351 773 1414 ad
793 1355 1007 1420 musculara
1018 1397 1029 1431 ,
1049 1361 1194 1442 partim

143 1471 239 1516 vero
258 1451 306 1515 ad
325 1451 637 1516 membranarum
657 1473 899 1520 mucosarum
917 1462 1112 1540 pertinent
1130 1481 1194 1546 sy-

142 1559 283 1618 stema.
305 1554 465 1618 Labia
487 1572 625 1638 nempe
645 1557 745 1632 oris,
764 1558 958 1624 buccas
977 1567 1015 1624 et
1034 1581 1195 1647 genae

144 1667 346 1724 externam
377 1659 562 1744 paginam
597 1679 620 1723 a
650 1667 735 1724 cute
773 1662 914 1738 faciei,
945 1663 1140 1732 internam
1171 1689 1195 1733 a

141 1765 375 1830 membrana
393 1781 549 1828 mucosa
567 1763 715 1830 habent
727 1809 739 1844 ,
752 1765 889 1852 quibus
909 1769 1073 1834 musculi
1085 1815 1096 1848 ,
1108 1791 1194 1836 ner·

147 1869 212 1936 vis
235 1868 517 1942 cerebralibus‚
542 1887 564 1930 a
581 1868 670 1952 pari
691 1870 828 1952 quinto
852 1875 889 1934 et
909 1871 1045 1938 faciali
1064 1875 1194 1956 provi-

140 1975 198 2054 si,
216 1977 387 2062 adeoque
410 1974 575 2040 arbitrio
597 1975 763 2058 subjecti
783 1972 836 2056 (ς.
857 1978 935 2062 89.)
948 2017 959 2052 ,
981 1977 1191 2064 interposi·
1287 2025 1293 2034 .

140 2081 178 2146 ti
195 2085 299 2145 sunt.
321 2082 488 2154 Levant,
508 2075 716 2159 diducunt,
736 2079 958 2164 deprimunt
978 2085 1017 2146 et
1037 2088 1191 2148 contra·

140 2187 245 2254 hunt
273 2167 399 2250 labiae
423 2186 648 2269 levatores,
679 2186 965 2272 triangulares,
995 2189 1191 2272 depresso·

138 2311 221 2368 res,
243 2288 494 2368 orbicularis,
519 2295 761 2354 transversus
782 2275 1005 2370 santorini,
1029 2289 1193 2378 quadra·

142 2397 229 2468 tus,
249 2397 342 2472 etc.;
362 2394 424 2458 his
445 2394 630 2460 accedunt
649 2393 883 2480 zygomatici
895 2437 906 2472 ,
927 2397 993 2482 qui
1013 2416 1098 2460 cum
1120 2396 1194 2460 tri-

143 2500 326 2584 angulari
337 2542 349 2576 ,
367 2501 554 2586 quadrato
566 2541 578 2578 ‚
592 2503 803 2568 orbiculari
815 2508 854 2568 et
874 2503 1013 2568 risorio
1032 2503 1193 2588 consuo<
1321 2491 1326 2500 ⁵

142 2602 313 2685 duntur,
341 2605 510 2692 ipsisque
547 2607 665 2672 labiis
697 2607 920 2672 diducendis
953 2607 1191 2686 inserviunt,

141 2713 260 2794 atque
275 2707 566 2785 buccinatores,
587 2711 724 2776 buccas
746 2712 1031 2776 contrahentes.

226 2869 310 2954 Qua
331 2869 484 2934 ratione
506 2871 735 2938 membrana
766 2891 922 2936 mucosa
954 2870 1031 2934 oris
1055 2871 1212 2958 subeat

145 2992 306 3051 cavum,
326 2975 504 3060 gingivas
520 2977 684 3053 formet,
700 2976 854 3038 cunctas
874 2974 953 3056 ejus
977 2979 1105 3056 partes
1125 2995 1191 3038 ve·

140 3079 240 3142 stiat
252 3122 263 3154 ,
281 3078 484 3162 ipsumque
505 3077 634 3142 velum
656 3075 869 3170 pendulum
889 3095 975 3139 curn
997 3077 1116 3140 uvula
1150 3081 1190 3142 at

142 3181 316 3247 tonsillis
356 3182 534 3266 effingat,
562 3182 736 3262 superius
766 3179 786 3262 (
799 3187 829 3256 ς.
860 3198 929 3244 loo.
951 3201 988 3242 n.
1011 3179 1077 3266 3.)
1110 3179 1191 3264 jam

141 3285 425 3370 praecepimus.
458 3283 641 3368 Copiosae
663 3281 705 3346 in
731 3281 804 3346 hac
826 3283 1071 3348 membranae
1102 3301 1188 3345 mu·

141 3409 253 3453 cosae
271 3389 452 3472 portione
472 3387 644 3451 existunt
676 3386 840 3452 arteriae
871 3392 909 3451 et
939 3405 1188 3461 venae,.san·

139 3490 302 3575 guinem
325 3492 492 3576 largiore
514 3491 733 3575 quantitate
754 3487 985 3553 adducentes
1017 3493 1055 3552 et
1082 3509 1187 3552 reve·

138 3597 278 3664 hentes
290 3640 302 3674 ,
323 3596 421 3660 unde
442 3595 596 3680 quaevis
627 3595 702 3658 oris
723 3601 850 3680 partes
874 3594 998 3678 magis
1019 3593 1100 3657 fere
1122 3613 1186 3656 ru·

139 3701 237 3768 bent
266 3720 381 3785 quam
407 3699 507 3762 aliae
532 3697 974 3780 mucosaesuperlicies.
1008 3695 1187 3772 Mucosae

141 3805 265 3869 etiam
286 3804 490 3888 glandulae
520 3803 698 3884 copiosae
726 3802 791 3865 hic
813 3802 975 3879 adsunt,
997 3801 1185 3866 hactenus

142 3895 404 3990 compositae,
426 3911 471 3968 ut
494 3904 790 3990 conglomeratis
813 3899 863 3987 (ς.
888 3901 981 3987 197.)
1003 3903 1186 3968 fere'sint
1212 3889 1223 3912 ⁸

139 4011 303 4075 similes.
326 4011 533 4074 secernunt
552 4008 625 4071 hee
648 4005 840 4090 insignem
860 4006 964 4070 muci
986 4006 1184 4090 quantita..

138 4125 223 4182 tem
236 4163 247 4194 ,
261 4117 327 4202 qui
347 4135 431 4180 cum
452 4115 631 4180 exhalato
652 4112 885 4176 arteriarum
905 4131 1066 4195 vapore,
1080 4129 1185 4180 oum·

140 4239 215 4312 que
236 4218 361 4286 saliva
378 4218 455 4288 oris
475 4231 610 4315 cavum
628 4221 814 4318 perpetue
836 4215 1053 4292 hurnectat.
1120 4294 1130 4306 ὓ
