2892 5004
499 111 521 166 't

169 397 175 402 .
256 323 1017 416 sacr-Imausunucsmroacrurrr.
1122 362 1167 436 ⁴5
1241 353 1286 397 ,-

104 489 283 556 Arterias
306 491 508 575 accipiunt
521 475 552 557 'a
581 491 777 576 linguali5
791 513 929 574 nervos
959 515 984 560 a
1002 497 1163 584 ganglia

105 596 315 662 maxillari
337 602 376 660 et
394 597 633 681 hypoglossa
659 599 734 682 ”).

196 764 349 826 Dantur
362 765 523 846 'praeter
543 761 638 826 istas
660 761 761 826 aliae
793 757 1002 848 glandulae
1034 763 1163 830 mino·

107 885 196 942 res,
215 867 463 956 simplicibus
494 867 615 930 ferme
646 865 769 930 acinis
803 872 1046 947 constantes,
1068 870 1162 934 soli·

33 983 36 996 ·
109 973 264 1042 diores,
284 991 353 1054 per
386 975 515 1034 totum
546 969 628 1034 sere
660 970 867 1034 buccarum
898 975 937 1034 et
969 971 1166 1040 labiorum

109 1076 308 1138 ambitum
343 1072 558 1158 dispersae,
584 1071 750 1136 ductulis
775 1075 1020 1152 excretoriis.‚
1043 1057 1164 1142 mem-

106 1175 275 1242 branam
297 1196 492 1240 mucosam
516 1176 594 1242 oris
614 1175 936 1260 penetrantibus,
956 1177 1163 1244 humorem
1192 1219 1197 1226 ‚

107 1281 597 1346 fundentes.Buccales
629 1277 1017 1344 hasetlebiales
1051 1283 1162 1366 glan·
1263 1309 1267 1345 a

14 1417 16 1420 ·
110 1385 224 1450 dulas
263 1385 491 1451 salivalibus
524 1382 684 1448 omnino
714 1381 1021 1449 adnumerandas
1057 1405 1163 1462 esse,

86 1471 264 1553 'fabrica
294 1487 455 1562 eadem,
479 1485 520 1550 in
542 1485 781 1551 animalibus
809 1486 1009 1567 nonnullis
1036 1486 1163 1571 magis
1245 1467 1249 1478 ’

109 1572 344 1677 conspicua,
364 1597 403 1655 et
422 1592 563 1656 humor
581 1595 751 1654 secretus
777 1588 988 1656 ostendunt
1019 1593 1090 1684 a).'
1171 1580 1176 1590 ’
1257 1569 1261 1586 ’

14 1797 15 1800 =
108 1817 110 1821 .
193 1763 240 1826 In
266 1758 329 1824 his
363 1761 495 1822 autem
527 1753 724 1842 glandulis
754 1757 926 1824 saliva
952 1765 1114 1844 paratur
1145 1781 1168 1828 e
1290 1831 1301 1854 Ι
1373 1761 1377 1768 ’

109 1867 299 1952 sanguine
333 1863 544 1937 arterioso,
568 1879 665 1948 quae
696 1851 786 1926 d'ein
806 1881 830 1925 a
850 1864 954 1928 vasis
986 1865 1164 1931 salivali·

108 1973 182 2036 hus
214 1957 393 2051 recepta,
414 1987 482 2050 per
515 1963 650 2029 ductus
686 1965 918 2032 excretorias
954 1967 996 2032 in
1026 1959 1171 2034 cavum'

86 2075 212 2150 oris,
234 2073 305 2136 sub
328 2069 602 2154 masticatione
626 2069 832 2154 praecipue
863 2067 1101 2152 effunditur,
1125 2081 1164 2140 et

111 2199 199 2244 cum
222 2177 308 2242 cibo
328 2175 488 2238 subacto
509 2173 690 2238 miscetur
713 2169 763 2258 (§.
784 2173 895 2262 πη).
917 2177 1166 2244 Acceleratur

110 2279 193 2357 eius
215 2275 392 2342 humoris
413 2275 574 2340 secretio
594 2296 618 2338 a
637 2275 761 2340 causis
790 2276 1049 2354 mechanicis,
1072 2279 1163 2343 clre-

108 2381 223 2447 micir
245 2377 544 2463 etdynamicis.
578 2377 802 2444 Machanice
830 2387 1063 2462 promovent
1091 2383 1164 2448 hu-

108 2485 234 2550 moris
257 2480 510 2577 secretionem
531 2483 573 2550 et
599 2479 798 2548 adfluxum
820 2483 861 2548 in
891 2504 955 2564 os,
978 2487 1164 2554 maxillae

111 2598 244 2657 motus
284 2596 324 2653 et
358 2587 642 2662 musculorum,
676 2590 898 2654 masseteris
930 2596 1165 2678 praecipue,

12 2779 14 2784 ,
109 2694 415 2766 contractiones,
440 2689 579 2776 quibus
602 2687 811 2774 glandulae
832 2693 1014 2762 salivales
1037 2704 1075 2764 ct
1093 2699 1166 2764 du·

12 2847 13 2856 η
111 2807 194 2867 ctus
216 2795 421 2864 excretorii
452 2795 680 2860 alternatim
709 2803 941 2888 premuntur
961 2805 999 2864 et
1028 2821 1161 2868 succu·
1207 2841 1211 2850 ·

110 2906 289 2969 ciuntur..
311 2899 492 2966 Chemico
514 2899 675 2990 stimulo
708 2901 951 2968 concitantur
980 2905 1165 2974 salivalia
1276 2983 1278 2990 y

112 3026 261 3093 organa
280 3027 347 3090 per
370 2985 499 3070 cilium
519 3009 557 3067 et
582 3009 741 3086 potum,
766 3009 807 3068 et
836 3013 979 3091 augent
1008 3009 1159 3086 sativae

112 3113 313 3178 adfluxum
336 3108 415 3172 alia
447 3125 597 3194 quoque
627 3103 771 3174 localia
799 3109 1078 3191 incitamenta,
1102 3137 1163 3182 re·

109 3213 242 3280 media
260 3213 318 3282 ita
340 3211 445 3276 dicta
462 3211 663 3294 sialagoga
675 3251 686 3285 ‚
709 3213 838 3278 fumus
862 3214 1066 3286 tabacinus
1090 3225 1163 3285 etc.

108 3313 553 3405 Dynamice‘operantur
585 3315 838 3391 electricitas‚
863 3317 1162 3398 Galvanismus',

110 3420 224 3519 ideae
256 3437 465 3482 nauseasse
499 3421 537 3481 et
576 3415 772 3500 adpetitus
812 3416 943 3493 cibus,
966 3425 1009 3486 ut
1039 3423 1183 3506 adeo,.

112 3526 285 3591 maxime
303 3524 358 3586 in
384 3519 514 3603 jejuno
542 3521 703 3588 homine
730 3527 769 3584 ct
796 3523 1010 3604 famelico,
1036 3528 1163 3594 saliva

110 3631 221 3694 velut
241 3615 443 3692 fonticulis
462 3619 602 3689 duobus
614 3643 657 3698 ,e
679 3621 845 3688 ductulis
869 3628 1165 3696 Whartonianis

110 3735 342 3825 projiciatur
361 3729 418 3815 b).
441 3735 608 3812 Augetur
639 3727 772 3810 eadem
792 3732 978 3807 secretio,
1000 3733 1068 3798 uhi
1098 3756 1163 3800 cu.

109 3843 163 3906 tis
194 3835 417 3913 exhalatio}
441 3835 578 3904 urinae
613 3837 773 3899 secretio
807 3843 878 3900 etc.
912 3840 1158 3924 supprimun-

109 3951 187 4010 tur.
218 3941 398 4006 Videmus
426 3941 548 4026 igitur
567 3941 790 4023 frequenter
812 3931 959 4004 saliva‘e
979 3937 1161 4008 se‘cretio-

109 4066 201 4110 nem
221 4045 369 4110 vicario
389 4043 504 4108 modo
530 4041 685 4126 augeri,
709 4043 888 4127 ipsasque
920 4046 1040 4110 etiam
1068 4059 1167 4120 ‘acus
1258 4120 1261 4128 ,

109 4155 171 4213 tas
190 4148 316 4212 febres
338 4165 415 4212 n'on
435 4167 523 4212 raro
544 4145 776 4210 salivatione
799 4146 934 4211 critica
956 4147 1076 4226 solvi3
1091 4169 1165 4214 nec

110 4271 244 4318 rarum
263 4251 338 4328 est',
360 4256 405 4315 ut
424 4249 619 4337 parotides
630 4289 642 4325 ‚
665 4249 710 4314 in
736 4233 925 4340 malignis
946 4253 1164 4350 ¹praecipue
