2956 4996
216 353 460 428 sess-,mm
477 365 695 422 nssrsnar.
715 333 829 418 nso'no
846 363 1114 431 nrrnsssoru.
1157 381 1222 450 257
1292 353 1296 362 ’

171 503 294 574 ramis
318 496 479 564 slsstica
500 513 569 562 sua
589 492 631 558 vi
660 513 842 559 vasorum
864 493 1064 566 circorum
1084 499 1217 574 lumen

174 626 330 676 servare
363 601 544 666 nituntur
557 637 568 672 ‚
588 595 757 683 ipsisque
786 597 1035 682 pulmonibus
1058 610 1219 694 spongi-

175 730 284 780 osam
314 712 353 772 et
375 700 577 770 elasticam
606 699 724 766 simul
754 701 934 774 tribuunt
966 703 1136 776 indolem
1167 711 1220 796 (ς.

171 813 286 906 gun).
311 809 348 874 Si
369 806 491 892 igitur
509 803 590 880 vis,
611 821 707 890 quae
725 803 926 888 pulmones
949 807 1129 894 stringit,
1143 815 1219 880 mi.

176 923 343 997 suatur,
363 931 457 976 vasa
476 908 588 974 eirea
605 925 686 972 sees
708 906 950 992 expandunt,
971 929 1041 998 quo
1064 913 1221 984 interna

175 1021 406 1106 pulmonum
429 1009 653 1096 superficies
673 1015 833 1096 augetur
845 1051 856 1088 ,
875 1009 1025 1100 ipsiquo
1054 1019 1135 1084 a'eri
1157 1043 1221 1086 ex·

176 1131 310 1198 terno,
329 1121 487 1216 intorno
515 1115 651 1200 utique
678 1112 872 1192 densiori,
897 1117 1088 1204 ingressus
1107 1143 1222 1207 para·

176 1233 253 1292 tur.
287 1223 489 1306 stringunt
524 1221 657 1282 autem
693 1217 895 1300 pulmones
927 1223 1013 1288 cavi
1048 1225 1220 1294 thoracis

177 1327 370 1413 parietes,
389 1321 528 1410 quibus
549 1317 717 1384 diductis
735 1319 821 1404 ipsa
841 1339 990 1412 quoque
1009 1347 1054 1390 ea
1071 1328 1223 1398 viscera

176 1427 457 1515 expenduntur.
479 1421 703 1490 Admittunt
719 1443 809 1490 vero
830 1425 863 1489 ii
882 1427 1050 1509 parietes
1072 1437 1223 1502 motum

179 1535 396 1620 duplicem,
417 1547 491 1618 quo
522 1545 658 1593 cavum
681 1529 849 1614 pectoris
870 1531 912 1596 in
942 1533 1057 1619 longa
1080 1539 1224 1608 atleta

178 1629 417 1704 dimensione
438 1629 623 1715 ampliari
645 1635 684 1694 et
714 1633 858 1698 arctari
880 1641 1030 1719 potsst3
1052 1639 1223 1721 primum

180 1738 353 1810 accidere
384 1733 497 1800 debet
524 1731 593 1798 sub
624 1731 922 1818 inspirationis,
954 1739 1121 1808 alterum
1152 1747 1223 1812 sub

181 1838 455 1926 exspirationis
477 1839 688 1902 momento.

263 1965 478 2034 Maximum
498 1965 747 2044 augmentum
765 1949 937 2030 thoracis
959 1984 1051 2032 cavo
1071 1967 1225 2042 adce'dii

180 2065 488 2158 diaphragmatis
510 2063 681 2140 actions,
703 2083 780 2150 qua
801 2067 928 2132 omnis
952 2069 1035 2135 iera
1060 2075 1226 2158 respira.

178 2181 258 2254 tio,
278 2175 398 2241 donec
419 2167 574 2255 placida
596 2169 655 2231 est
678 2171 717 2232 et
737 2165 821 2240 sine
847 2169 947 2236 vitio
960 2213 972 2250 ,
996 2177 1224 2248 absolvitur.

178 2279 272 2348 Inde
294 2277 416 2362 igitur
447 2275 523 2351 est,
544 2267 647 2356 quod
678 2273 874 2334 costarum
904 2275 1226 2366 mobilitats‘per

180 2385 310 2450 varias
340 2397 473 2444 causas
504 2371 718 2458 impedita,
747 2373 955 2459 respiratio
984 2377 1081 2443 bens
1113 2402 1228 2468 saepe

128 2473 134 2486 ’
179 2485 385 2576 procedat,
425 2481 722 2565 diaphragmate
751 2485 882 2545 sutem
913 2485 1037 2562 lasso,
1068 2484 1229 2552 iniiam·

182 2589 376 2666 mato‚vsl
395 2587 504 2652 motu
528 2581 607 2666 ejus
627 2600 695 2665 per
714 2583 910 2648 tumentia
932 2585 1080 2654 viscere
1105 2589 1225 2656 ebdo-

118 2731 120 2738 ν
177 2693 346 2762 minalia
377 2685 599 2773 impedito,
632 2682 793 2766 spiritus
832 2683 1067 2755 difficillima
1107 2691 1223 2758 duca·

180 2803 272 2878 tur,
289 2813 409 2880 eoque
429 2793 566 2873 rupto,
591 2787 652 2852 vel
674 2805 792 2877 nervo
813 2789 1003 2874 phrenion
1029 2789 1199 2862 lacerato
1211 2829 1228 2874 ,-

182 2901 312 2970 subita
331 2895 508 2964 succedat
528 2911 629 2958 mors
661 2890 716 2978 ⁹).
750 2889 903 2974 Quanto
938 2899 1067 2959 autem
1095 2897 1230 2982 spatio·

179 3001 353 3074 thoracis
381 3015 517 3064 cavum
547 2993 589 3059 in
617 2991 861 3077 longitudine
893 3000 1101 3078 nugentur,
1138 3019 1227 3070 cum

181 3111 334 3198 septum
369 3089 632 3168 transversum
668 3097 934 3178 contrahitur,
969 3099 1230 3183 explanatur‚=

179 3211 298 3300 inque
319 3203 541 3272 abdominis
564 3219 700 3266 cavum
721 3207 881 3284 urgetur
904 3200 954 3286 (ς.
990 3206 1111 3294 318.),
1133 3209 1228 3278 lices

180 3313 285 3380 varii
317 3309 413 3376 olim
441 3303 717 3371 calculaverint
748 3303 849 3377 viri,
871 3303 1126 3376 determinari
1155 3314 1230 3380 vix·

179 3419 334 3504 potest,
354 3409 545 3496 siquidem
565 3405 733 3492 pectoris
756 3425 873 3471 cavea
893 3411 975 3474 tam
996 3409 1223 3498 irregularis
1294 3477 1296 3482 ,

176 3521 252 3596 sit,
272 3523 316 3582 ut
337 3519 385 3584 ad
404 3514 547 3599 figuras
566 3511 820 3598 geometricas
846 3512 978 3579 reduci
1006 3517 1111 3584 haud
1135 3539 1223 3604 pos·

178 3623 233 3688 sit
254 3620 273 3706 (
278 3629 305 3700 ς.
316 3618 420 3704 317.),
432 3619 635 3700 ipsumque
656 3605 911 3698 diaphragma
931 3636 1101 3685 convexa
1120 3623 1226 3690 iacis

180 3727 228 3792 ad
259 3723 385 3790 varias
418 3717 644 3786 altitudines
678 3719 720 3786 in
747 3725 877 3802 pectus
912 3723 1146 3804 promineat.
1180 3727 1224 3794 ld

178 3835 311 3894 tamen
342 3826 509 3914 evictum
549 3827 628 3900 est,
651 3821 753 3909 quod
783 3831 934 3905 septum
960 3823 1000 3888 id
1030 3833 1223 3894 musculo-

176 3949 264 4017 sum
285 3927 334 3994 ad
353 3935 430 3992 tres
453 3926 606 3992 circiter
623 3924 784 4010 pollices
816 3925 884 3990 sub
914 3927 1158 3995 actionesue
1174 3927 1232 3998 'in'

179 4033 372 4100 abdomen
404 4029 634 4106 descendat,
657 4031 806 4116 hacque
832 4029 986 4094 ratione
1015 4032 1064 4094 ad
1088 4033 1222 4097 thora·

180 4155 263 4206 cem
285 4133 532 4200 dilatandum
562 4131 769 4220 quintuplo
790 4133 876 4216 plus
905 4133 1075 4199 conferat
1107 4151 1235 4224 qu'am·

183 4249 330 4310 ceterae
352 4240 451 4304 vires
472 4241 547 4324 ii).

226 4337 459 4414 Lessossic
478 4341 653 4430 Physiol.
675 4339 775 4410 med·
795 4341 877 4409 Vol.
896 4339 961 4407 Ill.
1021 4331 1057 4412 it
