2956 4996
208 369 316 436 seor.
331 363 378 433 11.
397 365 457 432 Ds
471 376 689 430 reserens.
703 373 817 426 otono
831 373 881 428 nr
896 371 1106 426 stennon.
1150 357 1215 444 269
1327 395 1337 415 κ
1355 363 1360 384 ·

161 512 391 600 pulmonum
412 511 461 578 etl
490 531 529 576 se
558 509 727 576 invicem
752 505 911 592 propius
936 505 1152 582 adcedunt,
1180 507 1214 574 i·

163 635 330 704 petreque
351 614 542 680 vesiculae
558 615 692 679 eirene
711 615 980 696 angustentur.
1002 611 1100 676 Vasa
1118 607 1213 676 binc

164 717 413 804 sanguiiera,
443 715 625 802 collapsis
653 713 834 780 vesiculis
867 716 906 777 et
935 711 1213 778 bronchiorum

163 821 306 898 ramis,
320 823 539 896 arctantur,
554 819 670 908 inque
689 813 929 904 serpentinas
951 814 1114 880 llexuras
1138 815 1212 882 ite·

163 945 254 992 rum
282 929 494 1010 ponuntur.
526 921 618 988 Insle
640 941 731 988 vero
759 921 827 996 fit,
851 925 895 984 ut
916 919 1073 1003 sanguis
1096 919 1212 988 ruben

164 1049 234 1116 per
254 1049 372 1094 venas
401 1027 642 1114 pulmoneles
668 1027 710 1092 in
732 1045 795 1094 cor
824 1025 1027 1094 sinistrum
1055 1043 1212 1112 promo·

163 1139 327 1212 veatur,
350 1139 388 1198 et
407 1137 520 1218 grata
553 1129 758 1198 suscitetur
786 1129 972 1204 senentio,
993 1135 1078 1196 tum
1103 1147 1215 1210 pree·

86 1293 90 1300 .
164 1234 297 1320 tipus,
318 1235 386 1302 ubi
409 1234 619 1320 exspiratio
639 1232 783 1298 diutius
805 1237 1002 1316 protracta
1024 1230 1212 1298 molestae

165 1339 423 1424 oppressionis
444 1339 524 1422 iam
546 1335 708 1404 adduxit
728 1355 893 1406 sensum.
925 1335 1075 1422 Accipit
1096 1335 1212 1402 modo

167 1441 408 1510 ventriculus
428 1441 554 1508 cordis
572 1441 740 1508 sortitus
761 1438 979 1506 uberiorem
993 1437 1212 1522 sanguinis,

166 1542 210 1610 in
230 1545 479 1629 pulmonibus
507 1543 669 1632 oxydati
704 1544 877 1626 copiam,
897 1541 999 1608 unde
1022 1539 1213 1607 intensius

166 1645 372 1726 irritatur,
393 1653 431 1712 et
460 1647 589 1733 pulsus
615 1645 818 1712 incitatur.
843 1647 962 1716 Exeo
990 1645 1111 1710 etiem
1134 1645 1215 1718 eet,

167 1747 268 1838 quod
292 1751 361 1816 sub
385 1749 586 1818 moderata
604 1749 864 1836 respiratione
896 1747 1052 1836 sanguis
1076 1767 1095 1812 e
1115 1763 1216 1812 vena

167 1854 307 1920 melius
327 1853 445 1921 saliet
467 1855 522 1941 0),
544 1853 720 1944 quodque
743 1851 846 1920 vires
869 1873 937 1942 per
967 1869 1102 1938 corpus
1126 1847 1215 1914 uni·

168 1981 320 2030 versum
339 1967 572 2030 recreentur.

251 2127 426 2216 Sequitur
446 2131 575 2194 autem
598 2145 688 2192 mox
711 2145 814 2192 nove
835 2123 1057 2209 inspirandi
1087 2143 1217 2190 neces·

168 2233 292 2315 sitae,
325 2229 516 2318 siquidem
554 2233 805 2320 pulmonibus
846 2233 1026 2318 collapsis
1060 2231 1217 2318 sanguis

168 2333 237 2424 'per
259 2337 422 2402 arterias
443 2355 576 2402 eorum
606 2335 798 2400 viseerum
819 2333 938 2400 fluere
961 2355 1039 2402 non
1068 2335 1216 2418 possit,

168 2442 287 2532 inque
326 2439 545 2527 pulmonali
575 2441 796 2507 ventriculo
836 2438 1027 2508 cumulari
1064 2439 1217 2504 debeat.

168 2544 294 2610 Venae
311 2545 403 2612 hino
424 2539 540 2610 nevae
559 2549 758 2632 ceteraque
779 2543 948 2630 corporis
968 2545 1125 2628 turgent
1146 2561 1217 2606 va·

169 2669 210 2715 se
224 2649 358 2724 ,rubet
377 2647 495 2714 facies
517 2654 556 2716 st
577 2647 796 2714 cumulatur
815 2645 970 2734 sanguis
983 2645 1032 2711 'in
1053 2644 1217 2710 sinubus

169 2751 289 2818 dures
311 2751 501 2838 meningie
513 2794 522 2829 ,
535 2750 636 2820 unde
654 2751 850 2828 cerebrum
872 2749 1217 2826 intumescit,rur-

170 2873 308 2942 susque
343 2855 512 2921 subsidit
550 2853 823 2942 inspirationis
862 2857 1073 2920 momento.
1115 2850 1218 2936 Quia

168 2979 261 3025 vero
293 2959 466 3025 alternus
496 2959 570 3026 iste
601 2959 802 3044 enoephali
830 2964 957 3026 motus
990 2955 1031 3023 in
1061 2953 1218 3042 placida

169 3059 446 3146 respiratione,
468 3067 512 3128 ut
536 3061 670 3128 lloostt
691 3061 862 3128 advertit
885 3059 946 3148 ”)
959 3103 971 3140 ,
1000 3057 1067 3124 vix
1089 3059 1218 3126 obser·

168 3170 304 3246 vatur,
324 3165 407 3230 sola
426 3165 505 3250 ejus
529 3165 686 3232 visceris
710 3165 855 3254 pressio
888 3183 1012 3230 novoe
1042 3163 1217 3248 adspira·

170 3267 291 3334 tionis
308 3269 602 3350 necessitatem,
625 3273 668 3334 ut
698 3269 768 3337 oel.
798 3269 995 3334 Stet-*notu
1016 3269 1218 3343 autumet,

126 3415 130 3424 -
170 3385 314 3452 ponere
337 3370 403 3438 vix
423 3373 554 3460 potest
583 3373 650 3460 a),
667 3369 770 3436 unde
791 3371 981 3454 repetitae
1007 3365 1216 3451 inspirati-

171 3472 257 3538 onis
278 3489 415 3540 oausae
440 3473 489 3540 ad
519 3493 586 3551 ea,
610 3495 706 3562 quae
729 3475 905 3560 superius
928 3477 1000 3557 (55.
1022 3489 1096 3557 329·
1114 3469 1215 3558 331.)

172 3575 404 3658 dictasunt,
425 3575 563 3648 referri
583 3581 714 3666 potius
738 3579 890 3648 debent.

274 3757 309 3826 r)
327 3723 496 3836 nerones
516 3755 610 3814 urso.
630 3758 715 3833 phys.
734 3757 784 3814 us.
804 3773 836 3832 p.
852 3755 912 3847 sss.

275 3912 330 3980 ee)
349 3909 461 3968 Theoti.
486 3909 523 3968 u.
544 3911 582 3968 A.
605 3906 765 3966 ROOSE'S
788 3901 1072 3978 anthropolopirobe
1097 3899 1216 3968 Briele,

238 3993 342 4071 belpr.
360 3998 439 4054 1803.
455 4003 482 4061 8.
498 4016 529 4074 p.
546 4011 608 4070 129.

271 4144 303 4216 e)
318 4139 535 4200 enuntiante
554 4139 653 4200 instit.
671 4097 888 4216 physlolossiee.
906 4134 931 4200 l,
947 4153 980 4208 p.
998 4135 1062 4204 476.
