2898 4992
478 411 588 498 Scor.
612 414 641 480 12
663 400 722 480 De
743 427 887 483 conon.
1118 432 1181 505 437

134 571 293 624 versum
328 557 526 639 mittitur3
553 559 653 622 unde
687 551 850 624 circulus
874 580 942 644 per
977 539 1179 644 pulmones

136 661 310 744 longiore
327 666 498 744 tempore
522 663 755 746 interrumpi
774 669 924 748 potest,
936 665 1077 728 circulo
1098 684 1179 730 ma·

137 761 218 846 jore
244 764 348 828 haud
379 766 628 848 perturbato,
649 765 749 850 quod
772 766 811 830 in
833 767 895 830 his
923 767 1181 841 animalibus,

134 891 284 936 moram
306 893 418 954 saepe
436 862 660 956 longiorem
678 873 782 936 infra
804 892 922 958 aquas
953 872 1179 955 egentibusv

136 972 297 1038 adcidit.
328 973 418 1041 Inde
442 974 563 1038 etiam
597 981 677 1052 est,
700 957 813 1058 quod'
832 976 989 1059 sanguis
1020 995 1183 1039 venosus

136 1079 185 1144 ab
208 1077 397 1144 arterioso
417 1081 459 1144 in
480 1079 541 1144 his
561 1080 697 1145 bestiis
718 1077 855 1163 perum
879 1078 1089 1145 admodum
1108 1079 1189 1166 dis-¹
1268 1122 1271 1127 -

134 1181 239 1246 ferat
266 1181 325 1270 d).
359 1183 486 1247 Minus
519 1183 644 1248 adhuc
676 1185 841 1248 circulus
869 1171 1180 1268 sanguinis'ma·

134 1303 396 1371 gausaparvo
409 1288 596 1371 dependet
621 1289 662 1353 in
684 1290 790 1355 ranis
809 1295 847 1354 et
864 1291 1001 1355 ceteris
1025 1291 1199 1380 amphis
1293 1273 1295 1277 ⁸

134 1391 213 1456 biis
226 1394 422 1476 ,lquorum
444 1415 506 1458 cor
528 1396 643 1460 unico
674 1401 830 1460 tantum
856 1395 943 1460 sinu
964 1399 1012 1458 et
1034 1396 1180 1461 ventri·

135 1494 222 1557 culo
250 1495 363 1560 unico
393 1502 554 1562 constat.
588 1497 738 1580 Excipit
765 1499 877 1562 sinus·
904 1517 1033 1562 omnes
1062 1519 1182 1563 venas

135 1615 221 1660 cum
242 1601 531 1678 pulmonalibus
544 1607 614 1677 ,fet
631 1601 875 1684 pulmonales
894 1601 1058 1666 arteriae
1082 1601 1182 1666 rami

134 1703 225 1767 sunt
247 1708 375 1768 sortes
395 1703 592 1790 ipsiuss).
695 1787 699 1794 Ι

221 1838 386 1904 Piscium
428 1861 490 1908 cor
519 1845 639 1908 relate
670 1841 719 1906 ad
760 1841 1088 1936 corpusexiguas
1125 1835 1209 1918 est]

137 1942 279 2021 molis,
310 1953 349 2010 et
378 1947 512 2012 haeret
538 1949 579 2012 in
604 1949 729 2023 ‘cavea
755 1948 1181 2040 propriaspericardio
1365 1956 1368 1962 ’

136 2045 343 2112 admodum
371 2057 501 2115 tenero
533 2057 571 2115 et
599 2050 795 2134 pellucido
827 2050 1044 2130 inclusum,
1073 2051 1181 2114 intra

138 2153 242 2217 ostia
271 2155 538 2232 branchialia,
558 2156 672 2218 unico
702 2153 822 2216 etiam
854 2153 942 2216 sinu
974 2159 1013 2217 et
1035 2153 1183 2224 ventri<

138 2254 222 2319 culo
244 2273 319 2318 uno
353 2261 541 2318 constans.
573 2253 882 2342 pongrediuntur
904 2273 1036 2317 omnes
1062 2258 1184 2320 totius

137 2359 308 2442 corporis
330 2381 449 2452 venae
471 2360 512 2423 in
532 2367 688 2424 truncos
708 2366 804 2434 tres,
824 2359 889 2444 qui
910 2359 951 2424 in
973 2359 1102 2423 sinum
1126 2359 1184 2424 di-

135 2463 331 2538 tarantum
354 2463 612 2528 communicat
634 2463 708 2526 iste
726 2483 793 2546 per
816 2462 960 2526 ostium
983 2485 1184 2540 uenosum,

135 2563 303 2631 valvulis
326 2559 582 2646 instructum,
601 2585 686 2650 cum
705 2565 940 2645 ventriculo,
962 2587 981 2628 e
1003 2585 1076 2651 quo
1096 2587 1185 2631 san-

136 2669 224 2753 guis
255 2690 323 2752 per
353 2668 497 2734 ostium
530 2670 789 2743 arteriosum·,
821 2667 990 2734 valvulis
1028 2687 1178 2756 quoque

141 2772 375 2839 custoditum
391 2774 455 2851 ,in
475 2775 658 2848 arteriam
692 2771 957 2836 branchielem
969 2773 1031 2852 ‚in
1056 2792 1183 2861 ramos
1252 2760 1256 2766 ¹

138 2883 304 2963 quatuor
325 2873 502 2952 divisam,
513 2881 551 2939 et
564 2876 603 2940 in
615 2877 778 2942 arcubus
795 2872 1084 2938 branchialihus
1108 2873 1186 2942 dis·
1294 2870 1297 2879 ’

134 2983 352 3060 tributam,
374 2983 617 3066 propellitur.
651 2983 917 3066 Respiratione
949 2983 1077 3070 autem
1099 3002 1183 3046 mu·

137 3091 244 3150 tatus
265 3085 419 3170 sanguis
449 3084 462 3168 (
474 3093 507 3161 §2
523 3085 633 3172 32⁶.)
645 3129 656 3164 ,
675 3085 794 3159 ramis
818 3086 1043 3159 arteriasis,
1069 3084 1136 3169 qui
1166 3105 1187 3148 s
1215 3161 1218 3168 Ι

134 3189 338 3258 branchiis
376 3195 608 3272 emergunt,
638 3191 754 3274 inque
784 3183 934 3253 sortem
971 3187 1185 3264 uniuntur,

137 3290 330 3366 traditur,
350 3289 464 3375 inque
485 3292 684 3356 universas
713 3291 884 3373 corporis
912 3297 1039 3374 partes
1061 3289 1185 3356 defer*

137 3401 230 3498 tur,
250 3415 435 3464 venarum
459 3395 628 3480 origines
648 3393 805 3462 tandem
827 3395 1025 3462 subiturus
1048 3396 1103 3482 f).
1126 3429 1130 3441 ·

221 3543 598 3646 Peculiarisquoque
627 3567 683 3625 est
708 3561 912 3645 sanguinis.
935 3563 1117 3628 circuitus
1143 3563 1186 3628 in

135 3671 348 3739 molluscis.
382 3670 558 3735 Gaudent
588 3669 692 3731 enim
720 3669 852 3756 aliqua
883 3673 1016 3746 corde,
1038 3669 1186 3734 ventri·

138 3770 227 3835 culo
249 3787 327 3832 uno
347 3773 384 3830 et
396 3769 552 3863 ‘duabus
579 3769 765 3836 auriculis
788 3771 990 3837 instructo.
1020 3767 1185 3834 Deduci-

134 3882 204 3942 tur
222 3876 400 3960 sanguis,
425 3897 449 3940 e.
471 3879 720 3960 pulmonibus
744 3876 1034 3964 aut-branchiis
1052 3874 1185 3956 redux,

135 3978 180 4043 in
198 3979 458 4043 ventriculum
476 3983 539 4043 vel
556 3981 784 4046 immediate
805 3983 866 4046 vel
895 4001 964 4064 per
986 3977 1111 4041 cordis
1131 3979 1184 4042 si·

114 4135 115 4140 ,
137 4099 234 4158 num
258 4103 278 4145 e
295 4081 510 4149 ventriculo
528 4103 597 4164 per
615 4091 763 4148 sortem
782 4085 823 4148 in
844 4084 1041 4148 universas
1060 4081 1186 4145 fertur

139 4189 297 4268 partes,
332 4184 480 4268 organis
517 4185 698 4268 spiritum
737 4187 966 4251 ducentibus
1004 4186 1186 4270 exceptis.

133 4287 265 4360 Venae
286 4290 514 4358 revehentes
538 4290 580 4360 in
601 4292 724 4360 uuum
743 4293 810 4358 aut
836 4287 964 4378 plures
993 4289 1189 4388 colligum·
