2956 4996
245 379 311 462 258
396 367 487 435 Lus.
508 364 536 430 1.
559 361 649 429 Car.
665 361 729 428 111.
747 362 807 428 Ds
837 324 1168 435 russrruarrous.⁸

333 507 460 574 Minus
480 502 626 568 accedit
656 522 750 566 cavo
783 499 953 566 thoracis
978 512 1226 588 augmentum
1247 507 1294 580 in

248 611 332 676 lata
350 608 612 682 dimensione,
631 627 718 670 cum
738 607 903 670 musculi
923 606 1189 674 intercostales
1208 633 1291 676 sese

249 715 508 787 contrahunt,
523 709 874 784 costasattollunt,
893 709 1098 796 ipsumque
1117 718 1291 776 sternunt

247 817 367 882 simul
402 820 621 878 antrorsum
650 817 821 874 movent.
854 815 947 876 Cum
974 813 1014 876 id
1042 815 1207 896 accidit,
1227 834 1291 879 co.

249 927 398 984 starum
433 920 605 1000 capitula
627 917 730 980 circa
756 916 910 1000 spinam
935 920 1204 984 vertebrarum
1227 943 1291 987 ro·

248 1027 413 1096 tantur,
444 1036 575 1105 margo
605 1019 766 1084 inferior
797 1026 1009 1084 extrorsum
1037 1023 1226 1102 vertitur,
1257 1023 1292 1088 i·

247 1143 415 1209 psaeque
438 1120 731 1197 costae,finibus
754 1122 1011 1188 anterioribus
1029 1123 1211 1199 elevatis,
1224 1123 1293 1186 ob·

250 1228 402 1311 liquum
425 1227 484 1298 ita
513 1229 670 1287 mutant
699 1223 840 1299 situm,
860 1229 904 1287 ut
925 1225 974 1290 ad
1004 1225 1292 1292 horizontalem

249 1327 374 1412 magis
399 1326 602 1392 adredant.
637 1323 791 1392 Mediae
822 1333 952 1390 autem
984 1334 1178 1392 costarum
1204 1347 1292 1410 par·

247 1435 306 1496 tes
333 1431 503 1495 maxime
530 1433 615 1493 tum
642 1427 885 1510 adsurgunt,
915 1434 954 1492 et
986 1429 1093 1512 capit
1118 1429 1292 1496 thoracis

249 1555 385 1628 cavuug
407 1534 508 1596 circa
536 1529 741 1613 septimam
762 1536 800 1593 et
828 1535 1008 1594 octavam
1030 1535 1196 1612 costam,
1220 1533 1292 1598 ubi

247 1637 505 1705 horizontalis
536 1635 724 1698 diameter
761 1635 932 1698 maxima
964 1644 1046 1711 est,
1075 1638 1292 1704 maximum

249 1745 512 1826 augmentum.
535 1736 769 1799 Renituntur
786 1735 907 1800 etiarn
925 1736 1192 1804 intercostales
1209 1761 1294 1804 rnu-

249 1843 347 1909 sculi
367 1837 677 1930 diaphragmati,
698 1834 797 1922 quod
819 1842 940 1901 costas
960 1837 1185 1919 inferiores,
1205 1843 1291 1926 qui-

247 1946 319 2012 bus
339 1963 427 2026 pars
449 1940 529 2018 eius
553 1937 708 2002 costalis
726 1937 932 2015 adhaeret,
954 1939 1132 2007 deorsum
1153 1943 1293 2025 trahit,

249 2047 523 2134 oppositasque
546 2045 594 2110 ad
616 2065 655 2109 se
678 2042 845 2121 adducit.

333 2179 558 2276 Etsi'igitur
578 2187 620 2252 in
651 2187 812 2252 homine
835 2209 928 2254 sano
954 2196 992 2254 st
1020 2189 1141 2254 libere
1173 2191 1292 2274 spiri-

247 2305 335 2364 tum
357 2298 516 2361 ducente
535 2291 789 2358 horizontalis
812 2293 983 2358 thoracis
1008 2293 1196 2359 diameter
1222 2315 1294 2379 pa·

248 2417 335 2463 rum
362 2394 570 2460 admodum
592 2398 797 2477 augeatur,
817 2413 896 2456 non
925 2398 1057 2458 tamen
1077 2396 1200 2459 omnis
1223 2398 1291 2460 ab·

250 2505 310 2564 ast
330 2499 591 2564 musculorum
611 2495 920 2575 intercostalium
942 2497 1062 2572 actio,
1086 2479 1187 2580 quod
1206 2498 1293 2584 qui-

251 2603 338 2670 dam
356 2604 388 2668 G
401 2603 513 2668 alen
527 2626 548 2668 o
573 2605 653 2687 jam
670 2625 738 2688 per
759 2603 1022 2686 experimenta
1042 2603 1216 2668 innotuit
1237 2605 1292 2690 a).

248 2707 362 2774 sexui
392 2713 522 2771 autem
543 2707 711 2772 femineo
733 2706 938 2790 providens
968 2712 1108 2771 nutura
1136 2723 1295 2793 genera·

221 2881 224 2886 ,
250 2809 326 2876 tim
352 2809 577 2874 mobiliores
602 2809 745 2893 largita
767 2814 824 2875 est
847 2814 992 2882 costas,
1012 2814 1056 2874 ut
1076 2811 1295 2893 gravidita-

251 2912 303 2978 tis
324 2919 514 2996 tempore,
539 2933 613 3000 quo
638 2913 945 2996 diaphragmatis
964 2920 1090 2978 motus
1114 2913 1295 2982 difficilis

250 3012 448 3091 redditur,
478 3016 680 3097 pulmones
708 3015 865 3080 dilatari
898 3017 993 3080 satis
1023 3020 1184 3101 possint.
1218 3021 1295 3084 Ubi

252 3135 387 3199 corpus
410 3116 676 3180 vehementius
698 3123 982 3192 commovetur,
1003 3118 1092 3186 dum
1117 3122 1295 3206 ambula·

240 3204 361 3299 mus,
382 3222 532 3285 labores
560 3221 805 3303 perficimus,
822 3223 895 3284 'sub
922 3223 1015 3286 nixu
1047 3229 1085 3289 et
1115 3224 1222 3288 omni
1249 3225 1293 3290 in

254 3345 368 3406 casu,
398 3344 471 3406 quo
502 3324 662 3387 celerius
689 3323 878 3406 respirare
907 3325 1105 3406 cogimur,
1128 3328 1293 3390 musculi
1338 3341 1345 3360 ⁸

251 3427 522 3496 intercostales
554 3427 744 3491 intensius
768 3433 899 3510 agunt.
932 3429 975 3491 ln
1004 3429 1183 3492 morboso
1214 3435 1293 3492 sta-

252 3539 318 3608 tu,
340 3531 637 3613 diaphragmate
658 3527 903 3608 inflammato
930 3535 996 3592 aut
1019 3531 1147 3606 laeso,
1168 3529 1291 3594 visce-

165 3633 167 3640 ’
251 3635 362 3701 ribus
387 3631 700 3695 abdominalibus
733 3631 913 3714 phlogosi
945 3631 1105 3696 adfectis
1135 3640 1203 3698 aut
1230 3641 1294 3697 tu·

252 3738 473 3810 mentibus,
492 3737 533 3801 in
553 3735 727 3819 hydrope
755 3734 977 3797 abdominis
1010 3742 1080 3800 etc.
1099 3737 1190 3801 solis
1212 3738 1295 3802 fere

254 3837 373 3903 costis
405 3833 609 3918 respiratio
639 3834 864 3916 perficitur3
893 3853 962 3896 nec
994 3833 1192 3898 sufficiunt
1221 3851 1293 3915 pro

252 3937 487 4020 violentiora
516 3935 781 4016 adspiratione
809 3936 884 3998 soli
917 3936 1182 3999 intercostales
1207 3954 1294 3998 mu·

254 4041 371 4120 sculi,
393 4058 525 4102 verum
543 4042 732 4102 vocantur
753 4038 794 4101 in
816 4037 1005 4100 auxilium
1036 4037 1137 4100 aliae
1158 4035 1295 4098 thora·

253 4149 306 4214 cis
337 4166 468 4212 carnes
503 4138 564 4226 (§.
594 4142 721 4227 3¹8·)·
754 4143 940 4220 scapulis,
965 4137 1295 4214 claviculis,hra·

254 4247 374 4326 chiis,
397 4246 495 4311 collo
516 4249 555 4309 et
575 4242 697 4328 capiti
716 4243 896 4309 insertae.
930 4246 973 4310 Iu
992 4241 1153 4310 sublimi
1172 4242 1298 4328 igitur
