2922 4996
233 361 342 428 secr.
360 355 408 426 11.
429 355 490 426 Dr
512 365 633 420 carn
651 364 828 418 ronnsr.
850 347 907 418 IV.
931 363 1046 436 rtur,
1109 371 1169 442 ¹59
1184 383 1209 472 ι’

82 569 95 578 ,
130 497 401 576 taudiana,
424 520 446 562 a
469 495 759 564 Morescbio
782 517 904 584 nuper
923 499 1172 583 modificata,

126 609 302 692 aliquam
335 603 478 668 babere
510 599 827 687 probabilitatem
856 594 952 667 visa'
971 605 1060 670 fuit.
1103 607 1170 672 Li-

128 727 242 774 enem
263 724 399 788 nempe
415 719 439 766 a
458 701 672 774 ventriculo
702 701 817 784 pleno
846 705 1074 787 comprimi,
1095 709 1169 772 mi·

128 829 277 896 nosque
306 823 406 872 nunc
428 805 474 870 de
503 805 690 888 sanguine
714 805 901 888 reciperer
924 825 1010 872 eum
1040 817 1172 878 autem

128 917 359 988 humorem,
380 909 481 974 vasis
513 907 695 972 brevibus
729 910 992 991 exporrectis,
1021 913 1070 976 ad
1092 921 1171 980 sto.

127 1015 312 1082 maslaum
332 1019 373 1076 at
391 1029 573 1096 pancreas
597 1005 775 1092 uberiore
797 1009 893 1074 ferri
915 1014 1046 1097 copia,
1069 1017 1171 1082 unde

131 1136 367 1203 organorum
409 1131 540 1178 eorum
573 1111 731 1196 energia
768 1113 973 1180 exaltatur,
1014 1115 1172 1181 Peracta

129 1243 220 1288 vero
243 1219 482 1303 digestione,
496 1215 695 1300 sanguinis
712 1233 780 1298 per
800 1215 941 1280 lienem
959 1219 1171 1283 transitum

128 1346 176 1390 ea
198 1321 448 1407 proportione
478 1319 633 1402 augeri,
658 1337 732 1402 qua
755 1319 836 1400 ipse
870 1327 1057 1384 vacuatur
1077 1343 1169 1385 ven·

14 1491 15 1504 ,
130 1427 331 1504 triculus,
360 1423 460 1488 unde
490 1423 616 1486 viscus
646 1419 749 1484 idem
788 1421 1004 1486 uberiorem
1034 1423 1170 1506 hepati

127 1531 353 1614 suppeditat
380 1525 630 1610 sanguinem,
649 1543 722 1622 quo
747 1523 957 1609 largiorem
989 1527 1083 1591 bilis
1108 1547 1172 1595 co

14 1651 15 1662 ¹
127 1639 260 1721 piam,
283 1654 351 1718 pro
373 1626 662 1717 chyliiicatione
683 1631 1171 1708 necessariam,secernere

128 1737 306 1801 valeate
287 1737 341 1819 e)
376 1733 502 1812 Objici
536 1737 668 1796 tamen
694 1731 785 1796 huic
818 1711 996 1816 opinioni
1024 1744 1171 1820 potesta

130 1843 319 1904 volumen
341 1837 457 1900 lienis
485 1837 655 1902 multum
676 1853 755 1900 esse
775 1837 990 1916 variabile,
1013 1848 1052 1905 et
1071 1845 1172 1910 nulli

14 1959 15 1962 ’
128 1943 212 2008 fere
236 1943 312 2025 legi
341 1940 592 2016 adstrictum,
611 1945 655 2003 ut
687 1939 729 2003 in
755 1939 954 2004 homine'
943 1963 1059 2029 mque
1088 1949 1172 2012 ania.

58 2134 65 2142 ἢ
128 2044 299 2108 malibus
321 2042 562 2120 advertit-arr
587 2046 677 2125 post
706 2042 861 2109 morbos
896 2043 1097 2114 chronicas
1130 2051 1171 2118 id

127 2150 259 2214 vissus
288 2147 500 2230 plurimum
531 2165 610 2209 esse
642 2163 838 2228 parvum,
868 2164 1053 2230 magnum
1082 2163 1171 2236 post

14 2239 15 2242 ¹
126 2252 459 2326 acutos31ioetin
489 2256 653 2334 utroque
676 2268 763 2314 casu
784 2249 1021 2318 ventriculus
1049 2261 1169 2339 potire

14 2371 15 2438 Τ
128 2361 273 2425 simum
304 2375 447 2424 vacuus
475 2355 715 2438 reperiatur}
738 2355 1014 2424 observatione·
1036 2364 1168 2428 alniis

128 2469 317 2530 riirraen
338 2463 443 2526 facta
463 2465 656 2536 constare,
673 2457 813 2544 jejuno
828 2466 866 2524 et
886 2462 1001 2544 pleno
1022 2467 1170 2558 ventri.

14 2625 16 2646 ‚
109 2565 353 2633 'culmidem
386 2571 464 2628 etse
492 2563 636 2646 splenis
668 2561 852 2626 volumen
882 2563 935 2650 f).
970 2567 1052 2648 lpse
1079 2569 1170 2636 dein
1290 2629 1300 2647 ,

130 2673 286 2736 Brcnsr
299 2665 482 2752 'pluribus
508 2663 803 2748 experimentis,
826 2667 868 2730 in
891 2669 1078 2735 cuniculis
1106 2674 1168 2738 in·

57 2813 66 2818 -
128 2773 302 2849 utitatis,
332 2769 522 2847 ostendit,
544 2775 687 2835 certam
712 2789 791 2834 non
820 2773 982 2837 existere
1008 2777 1169 2841 relatio·

127 2891 221 2946 nem
251 2879 353 2942 inter
381 2876 495 2941 lienis
523 2875 671 2939 molem
703 2880 741 2939 et
768 2873 977 2940 ¹ventriculi
1000 2879 1169 2974 functios

129 2995 221 3048 nem
239 2983 298 3069 g),

210 3131 421 3212 Peculiaris
440 3131 641 3230 sanguinis
665 3131 820 3212 lisnalis
842 3145 1018 3232 indoles,
1038 3160 1078 3220 et
1103 3175 1168 3224 ve.

127 3257 248 3318 nosue
276 3248 433 3318 visceris
464 3249 661 3312 character
692 3248 747 3332 (ς.
775 3255 908 3337 301.)‚
936 3261 1050 3342 atque
1080 3275 1171 3324 con
1258 3263 1259 3270 ’

127 3359 238 3416 stans
258 3351 300 3414 in
322 3349 467 3414 cunctis
487 3347 722 3414 animalibus
741 3353 916 3420 humoris
938 3380 982 3424 ex
1005 3361 1139 3429 liene'
1128 3381 1170 3430 ιιι

127 3439 254 3536 hepar
272 3449 458 3516 transitus
479 3447 500 3536 (
513 3457 541 3528 ς.
563 3449 641 3532 302'
655 3455 697 3539 ),
715 3457 978 3530 verosimilem
1000 3463 1169 3532 reddunt

127 3554 377 3638 opinionem,
398 3552 440 3618 in
461 3573 505 3617 eo
529 3555 729 3669 sauguinis
762 3537 993 3662 diverticulo
1015 3568 1171 3636 inflam-

127 3643 321 3730 mabilia,
345 3641 480 3740 quibus
500 3639 591 3724 bilis
611 3649 745 3746 utique
775 3627 950 3758 abundat
976 3657 1026 3752 (ς’
1048 3674 1170 3758 293.,)
1182 3673 1184 3678 ’

128 3757 286 3842 augeri,
308 3749 498 3840 huiusque
512 3759 761 3837 secretionem
782 3777 849 3846 per
869 3758 1040 3850 splenem
1064 3771 1173 3852 adiu-

14 3911 15 3914 ,
127 3859 230 3925 vari
251 3843 343 3922 Inde
362 3857 482 3942 igitur
508 3862 586 3940 eet,
610 3861 710 3944 quod
731 3862 943 3950 exstirpato
977 3859 1105 3951 isene,
1129 3881 1173 3942 ut

129 3961 355 4026 vantsumu
389 3961 428 4022 et
456 3945 614 4024 Cessat
653 3957 847 4030 testantur
883 3967 956 4056 h),
987 3969 1175 4049 animalia
1260 4051 1266 4060 ,

130 4054 412 4149 pinguescant,
434 4059 527 4124 bilis
557 4071 779 4128 secernatur
812 4071 999 4150 parcior,
1022 4064 1177 4152 inflam-

131 4161 348 4230 mabilibus
369 4151 497 4228 minus
516 4162 694 4230 diress
635 4208 649 4248 ,
678 4157 838 4296 spissior
861 4175 901 4235 et
927 4165 1100 4244 tenacior
1122 4171 1176 4263 i).
