2912 5000
287 427 397 493 secr.
420 423 484 492 111.
505 423 563 492 Da
583 435 734 490 caruli
760 431 1023 494 eucarpionae
1064 425 1067 434 ⁴
1125 441 1185 510 37⁸

148 567 284 650 hunt,
313 572 511 656 ipsamque
544 571 699 636 urinam
737 588 866 639 versuo
895 575 1093 640 urethram
1125 593 1187 638 ur·

150 677 261 758 gent,
284 671 386 738 unde
409 671 702 738 detruaorea
724 673 907 738 urinae
931 673 1125 744 dicuntur·

236 836 308 902 Sub
342 837 501 902 externo
534 855 578 900 eo
615 831 801 904 fibrarum
833 837 955 902 atrato
989 837 1189 910 internum

151 946 230 1016 act,
253 937 361 1004 fibris
389 937 578 1026 obliquia‘,
603 938 710 1004 vario
733 936 845 1002 modo
872 931 998 1032 flexio,
1021 945 1087 1002 aut
1119 961 1189 1004 an·

78 1091 83 1102 .
148 1043 350 1110 nularibua
363 1041 481 1112 etiam
494 1039 746 1110 coustitutum
759 1081 769 1118 ,
780 1039 946 1106 vesicam
958 1061 1022 1134 per
1035 1063 1190 1112 omnem

151 1147 344 1214 ambitum
364 1143 567 1230 stringens.
592 1143 648 1214 Aa
669 1144 856 1210 cervicem
881 1136 1003 1210 fibrae
1027 1147 1190 1212 circula-

150 1267 232 1328 rea,
261 1245 417 1334 oblique
447 1269 486 1312 aa
516 1252 647 1312 mutuo
678 1245 943 1324 documenta,
967 1247 1190 1332 stipatiores

150 1349 388 1428 redduntur,
417 1353 454 1416 at
480 1353 654 1420 formant
684 1347 1036 1434 aph'incteram
1065 1353 1191 1420 vecie

150 1471 254 1530 cac,
288 1453 374 1542 qui,
406 1471 491 1518 cum
519 1451 647 1518 nervia
676 1453 927 1536 provideatur
955 1457 1190 1544 mamithus,
1295 1535 1298 1543 ¹
1358 1461 1361 1471 '

147 1567 217 1636 pro
239 1554 402 1622 arbitrio
423 1555 563 1640 stringi
583 1559 649 1620 aut
668 1551 791 1620 laxari
806 1598 815 1632 ,
829 1555 1029 1650 ipsumque
1053 1557 1192 1636 lotium

147 1651 315 1724 retinere
329 1661 403 1750 Vaut
424 1655 622 1726 dimittere
644 1657 847 1754 potastb).
969 1647 971 1654 ’

88 1903 90 1908 Ι
234 1815 481 1902 Subpallidee
505 1815 655 1915 vesicae
686 1817 883 1883 urinariaa
913 1817 1035 1884 librae
1067 1822 1193 1886 mania

149 1923 290 1990 factam
318 1922 517 2006 possident
547 1921 883 2000 irritabilitatem,
909 1933 952 1990 ut
983 1925 1077 1990 adeo
1103 1945 1192 1988 cona

150 2024 393 2110 captaculum
431 2023 572 2103 idem,
605 2045 674 2109 per
709 2029 946 2092 cumulatum
986 2029 1192 2092 humorem

150 2136 323 2204 tantum,
342 2145 482 2212 perque
501 2127 690 2192 chamicae
712 2128 801 2194 lotii
834 2129 1037 2212 qualitates
1059 2130 1193 2196 irrita·

150 2237 258 2308 tum,
287 2231 539 2298 contrahatur
557 2235 573 2308 ’,
602 2229 735 2314 cuique
765 2230 1038 2294 vacuationem
1077 2233 1194 2298 moli·

150 2343 251 2406 atur·
283 2333 412 2402 Etiam
442 2331 522 2396 alia
551 2330 801 2398 irritamenta
829 2332 977 2396 vesicae
1004 2331 1194 2400 auscitani

148 2433 475 2510 contractionem,
496 2453 591 2518 quae
610 2433 714 2500 haud
738 2432 951 2500 occillaudo
977 2435 1193 2520 contingit,

147 2561 282 2608 verum
302 2539 453 2606 adcedit
472 2537 612 2608 fundus
636 2537 684 2602 ad
702 2539 865 2612 collum,
881 2541 1081 2625 omniaque
1101 2559 1194 2605 cona

149 2643 339 2730 captaculi
358 2641 528 2708 arabitur
548 2639 630 2706 aine
652 2639 951 2724 interpolatione
970 2641 1027 2706 ita
1048 2641 1193 2706 minui·

146 2753 236 2828 tur,
254 2755 298 2816 ut
318 2746 366 2812 ad
385 2744 493 2822 nucia
514 2749 580 2810 aut
602 2744 793 2822 minorem
815 2743 934 2810 etiam
960 2743 1189 2828 amplitudia
1214 2789 1217 2801 .

148 2873 239 2928 nem
271 2857 460 2926 arctetur,
490 2865 638 2934 unoque
670 2849 775 2926 rivo,
797 2848 939 2933 absque
969 2848 1192 2926 abdominis¹

148 2959 269 3032 etiam
291 2955 463 3031 viribua',
483 2957 527 3017 ut
548 2952 807 3037 experimenta
828 2949 870 3016 ln
888 2951 989 3017 vivia
1011 2953 1194 3018 animali.

145 3062 219 3128 bue
241 3059 347 3149 facta
364 3055 571 3124 ostendunt
587 3053 641 3140 c),
659 3051 771 3119 urina
792 3057 1013 3119 evacuetur.
1037 3043 1199 3138 Quanta¹

149 3168 281 3230 autern
312 3161 363 3226 sit
394 3157 542 3225 vesicae
564 3160 623 3224 vic
646 3157 904 3238 contractilia,
927 3180 950 3224 a
972 3145 1192 3227 mathema.

147 3265 239 3334 ticie
261 3265 355 3334 licat
376 3261 658 3348 calculated),
681 3258 935 3328 determinari
953 3283 1029 3328 non
1049 3272 1193 3352 pateat,

150 3368 276 3452 Major
296 3372 354 3432 eat
373 3364 562 3432 fibrarum
583 3363 834 3433 irritabilitas
861 3366 903 3429 in
923 3367 1051 3456 pueris
1074 3377 1112 3434 et
1132 3369 1192 3452 iu-

146 3473 309 3550 vanihua
332 3489 447 3558 quam
469 3467 512 3536 in
532 3469 684 3535 aanibua
696 3513 707 3546 ,
727 3469 828 3538 unda
852 3469 971 3544 caltua
992 3471 1126 3538 urinae
1148 3475 1201 3556 in‘

41 3571 44 3578 ’
149 3579 200 3646 iic
226 3575 349 3668 magia
374 3577 579 3664 perpetuus
610 3577 666 3651 eet
694 3577 732 3636 at
756 3570 881 3650 maior
906 3589 1020 3666 quam
1047 3574 1088 3640 in
1116 3577 1191 3661 his,

145 3681 302 3748 Venena
340 3675 563 3752 narcotica‚
590 3671 713 3738 nimia
741 3674 893 3739 vesicae
928 3673 1115 3744 distentio
1151 3685 1190 3758 et

150 3787 306 3864 omnia,
326 3805 420 3878 quac
442 3779 753 3860 irritabilitatem
784 3781 1054 3863 supprimunt,
1075 3801 1190 3866 para·

145 3893 251 3982 lyein
272 3891 453 3958 inducere
472 3891 653 3976 poscunt,
674 3889 717 3950 ut
736 3884 904 3967 propriis
929 3885 1077 3952 viribus
1108 3886 1189 3950 uri·

148 4022 201 4080 na
222 3998 394 4077 excerni,
412 4001 479 4060 aut
505 3989 666 4058 retineri
693 3987 796 4056 haud
818 3991 960 4074 poesit;
989 4009 1056 4056 nec
1079 3991 1188 4074 peni-

149 4103 216 4170 tue'
233 4104 314 4170 rari
333 4109 421 4172 aunt
440 4118 545 4168 cacus
569 4101 706 4184 ruptae
727 4115 750 4160 a
770 4093 967 4174 cumulato
996 4092 1092 4160 lotio
1125 4115 1190 4172 vas

153 4227 266 4276 noae.

907 4399 1013 4480 aaa
