2892 5004
303 365 411 430 ssor-
431 361 460 428 1.
482 361 541 428 Dr
560 375 798 428 versareris
816 377 1007 450 serrone»
1134 369 1176 448 89

115 501 337 568 lectionem
352 503 479 582 ‚unde
502 505 602 566 cutis
614 543 624 579 ,
636 503 754 568 faciei
774 505 1029 588 praeprimis,
1045 505 1176 588 expal-

116 609 257 682 lescit,
285 617 324 672 et
354 607 522 688 spastice
549 609 629 672 sere
674 610 920 700 contrahitur
949 607 1092 695 (rub),
1123 610 1175 674 si·

73 791 80 800 ι
115 709 285 792 mulque
317 711 442 793 frigus
474 712 765 776 extremitatum
808 712 997 777 oboritur.
1041 709 1177 776 Plenus

116 795 1180 901 cardiaciabnormemsimulpatiunturiucitationem,

117 917 225 981 unde
247 923 379 984 cordis
400 913 696 984 et'arterisrum
713 923 847 1005 pulsus
874 923 1019 986 debiles
1039 929 1176 1005 etpar·
1254 929 1265 952 s

117 1021 161 1083 vi
185 1022 433 1098 redduntur,
457 1021 654 1106 totiusque
678 1023 1174 1106 corporisviresresolvun·

117 1113 210 1199 tur,
232 1125 334 1189 adeo
347 1167 357 1200 ‚
386 1132 428 1191 ut
448 1127 571 1212 enimi
594 1127 765 1211 deliquia
785 1147 863 1191 non
883 1149 969 1192 raro
992 1145 1173 1213 supervo·

118 1228 252 1290 uiant.
279 1223 400 1294 sueto
418 1229 580 1298 fastidio
601 1231 755 1314 copiosa
768 1231 907 1294 adfluit
922 1227 1047 1296 saliva
1069 1233 1110 1295 in
1121 1253 1176 1307 os,
1253 1259 1256 1270 ·

120 1334 316 1416 accedunt
343 1333 491 1418 vertigo
534 1323 700 1418 cupitis,
730 1343 917 1400 tremores
949 1335 1171 1416 labiorum,
1232 1335 1237 1341 “

113 1419 438 1517 praecordiorum
457 1439 652 1504 subsultus
673 1446 711 1504 et
731 1442 896 1504 molesta
913 1439 1062 1517 tensio,
1077 1438 1173 1522 jam·

116 1541 895 1638 queipsocomparatvomituritio.

200 1708 301 1770 Cum
322 1725 529 1772 nervorum
549 1725 618 1788 ope
646 1705 903 1790 diaphragma
928 1705 967 1767 et
1002 1689 1172 1766 musculi

117 1807 393 1874 abdominales
417 1809 645 1882 irritantur,
667 1809 937 1892 phaenomena
960 1794 1084 1870 modo'
1104 1803 1173 1866 ad·

121 1913 241 1978 ducta
262 1913 544 1992 intenduntur3
572 1913 778 1998 stringitur
810 1910 1049 1976 ventriculus
1078 1901 1184 1972 nixu'

118 1999 339 2098 peculiari„
358 2017 424 2102 qui
445 2035 532 2080 cum
556 2015 688 2081 dolore
710 2021 748 2080 ot
770 2016 966 2080 anxietate
983 2013 1173 2096 jungitur,

119 2118 304 2202 iactaque
322 2119 579 2201 inspiratione
597 2118 906 2192 vehementiore,
936 2123 986 2181 ‘et
1018 2119 1172 2181 retento
1202 2131 1205 2140 ’

121 2222 162 2287 in
182 2225 441 2307 pulmonibus
461 2244 529 2308 per
553 2227 723 2291 clausam
734 2223 940 2310 glottidem
953 2223 1173 2302 aiire‚pun·

123 2333 228 2392 ctum
251 2325 375 2392 fixum
399 2331 575 2412 partibus
599 2351 678 2395 sese
707 2327 1028 2399 contrahentibus
1057 2344 1171 2409 prae·

121 2431 261 2513 betur,
286 2455 358 2520 quo
380 2419 536 2498 demum
564 2435 773 2519 ventriculi
806 2437 989 2500 contenta
1020 2450 1084 2496 ore
1112 2428 1175 2494 hi·

125 2540 213 2600 ante
234 2537 479 2621 rejiciuntur.
504 2539 596 2602 Cum
617 2539 686 2602 sub
706 2538 801 2604 nixu
833 2535 906 2602 isto
936 2533 1092 2618 sanguis
1121 2532 1171 2596 ab

124 2641 336 2726 encephalo
355 2640 478 2704 libero
501 2639 662 2730 refluere
679 2639 784 2706 haud
804 2639 950 2724 possit,
972 2637 1090 2704 facies
1110 2652 1174 2699 ru·

127 2739 215 2818 bei,
249 2743 356 2807 dolet
387 2743 523 2828 caput,
548 2748 587 2808 et
614 2743 750 2828 prodit
779 2739 946 2834 vipcidus
974 2741 1017 2806 in
1042 2739 1187 2820 fronte,

128 2843 257 2912 sudor.

209 2987 294 3071 Quo
315 2991 445 3052 autem
465 2984 581 3052 modo
601 2984 811 3051 ventriculi
834 2993 879 3050 ea
898 2983 1049 3050 accidat
1083 3001 1175 3048 con·

129 3092 253 3154 versio
267 3131 278 3180 ‚
300 3111 400 3156 nunc
424 3090 714 3178 disquirendum
734 3087 803 3156 esc
828 3093 912 3176 lpse
941 3089 1046 3154 enim
1072 3075 1171 3152 'ven-

132 3194 292 3262 triculus
326 3195 518 3261 humanus
553 3202 591 3260 el
628 3197 832 3260 brutorum
859 3193 1175 3262 membranaceo-

42 3323 44 3327 ·
129 3302 364 3365 musculosus
378 3343 391 3378 ,
415 3299 767 3366 etsimanifestesit
780 3299 989 3366 irritabilis
1002 3299 1051 3380 (ς.
1062 3298 1176 3380 ι81.),

130 3401 243 3466 tanta
262 3403 334 3466 vix
349 3401 498 3494 gaudet
510 3403 734 3468 contractili
752 3403 876 3480 vi‚ut
891 3408 1001 3466 motu
1012 3421 1078 3466 suo
1093 3419 1174 3464 car-

131 3499 216 3570 diae
236 3509 319 3572 vim
341 3507 383 3574 in
404 3505 510 3576 omni
538 3527 627 3572 casu
647 3527 827 3590 superare
837 3551 853 3591 ,
875 3525 918 3572 ac
940 3525 1104 3570 vacuare
1116 3526 1174 3567 sa

34 3601 37 3610 ’
132 3616 209 3675 met
242 3610 377 3694 possit.
410 3610 669 3676 Ostenderunt
697 3611 842 3676 dudum
878 3613 1011 3676 Franc.
1041 3595 1171 3672 Bam
1296 3690 1301 3700 ἢ

133 3708 193 3792 e),
213 3713 312 3781 Petr.
337 3716 487 3778 Omont
505 3715 546 3798 f)
569 3721 607 3780 et
627 3715 755 3798 plures
778 3715 849 3778 alii
874 3717 946 3799 g),
975 3709 1171 3776 ventricu-

133 3807 211 3879 lum
231 3817 386 3900 passive
406 3837 445 3880 se
469 3817 613 3884 habere
633 3819 702 3884 sub
725 3819 901 3894 vomitu,
924 3825 1088 3917 suntque
1111 3837 1173 3878 ex·

133 3921 352 3997 perimente
356 3905 501 3986 eadem
520 3924 742 4006 nuperrime
759 3911 1097 4006 Parisiisrepetita
1108 3920 1172 4001 h)

133 4017 195 4088 His
213 4029 344 4098 autem
364 4027 545 4108 periculis
563 4026 769 4112 sequentia
792 4025 1020 4090 didicimus·
1032 4021 1174 4086 solutio

134 4124 270 4194 tartari
289 4131 475 4195 emetiri
464 4152 506 4215 ιιι
528 4132 758 4196 alterutram
781 4131 996 4216 iugularem
1026 4141 1168 4188 venam

134 4213 293 4342 missia,
314 4233 421 4302 intra
443 4235 598 4304 minuta
612 4255 735 4321 pauca
759 4235 952 4314 uomitum
985 4229 1146 4304 suscitat
1158 4265 1171 4304 ‚
