2922 4996
288 297 348 404 riu
389 326 475 393 Lm.
493 330 525 391 Ι.
541 333 629 394 cce.
642 331 687 394 11.
699 332 758 396 Dr
771 349 970 406 scrutur.
982 355 1241 416 nicrsrrors.

284 471 333 536 ab
362 469 548 533 umbilico
580 471 715 538 veniet
741 476 927 558 eenguis,
957 461 1057 548 vene
1083 489 1324 560 umbilicelis

284 571 327 634 in
346 571 600 655 ligamentum
620 579 718 638 teres
739 579 929 658 vertitur,
954 588 992 646 et
1015 585 1099 669 ipee
1117 593 1236 658 etiem
1257 617 1323 670 ue·

279 691 400 746 ,nosue
431 673 584 738 Arentii
613 677 809 742 conservet
840 679 997 759 ductus,
1019 689 1120 772 quod
1148 691 1244 758 inde·
1270 697 1321 762 eb
1399 756 1403 767 .

279 774 467 842 umbilico
504 793 635 839 versus
675 775 865 845 interiora
902 783 1175 868 procedendo,
1218 797 1321 864 circe

239 938 243 947 ι
281 897 452 942 mensem
479 878 673 960 tertiums
704 883 825 948 serius
862 895 930 950 eut
966 891 1080 957 citius
1108 895 1320 978 perficitur.

266 979 420 1058 ,Rarius
444 979 600 1058 eccidit,
622 986 667 1044 ut
694 1004 793 1048 vene
820 989 953 1054 eedem
978 997 1063 1060 toto
1092 997 1198 1066 vitae
1219 1006 1319 1069 tem·

278 1105 372 1170 pore
391 1087 521 1150 lumen
541 1085 710 1152 retineat
731 1088 781 1172 i).

340 1225 403 1312 ’4)
425 1228 583 1292 Venae
610 1229 888 1312 hepaticee
914 1239 1168 1323 sanguinem,
1187 1247 1253 1328 qui
1274 1248 1318 1313 in

277 1330 427 1412 hepatis
444 1329 703 1396 nutritionem
724 1338 762 1396 et
778 1333 870 1398 bilis
889 1340 1139 1408 secretionem
1158 1365 1316 1414 conver-

275 1459 338 1502 sus
364 1457 443 1501 non
474 1435 574 1509 fuit,
604 1436 646 1498 in
678 1457 820 1502 venem
853 1461 1011 1522 cavam,
1033 1467 1101 1528 per
1132 1449 1315 1534 jecinoris

274 1539 485 1604 incisuram
498 1537 758 1602 decurrentem
766 1536 989 1615 ‚revehunt
1009 1551 1194 1618 Oriuntur
1214 1557 1316 1622 istee

272 1645 422 1729 exiguis
463 1643 631 1718 valvulis
673 1643 916 1727 instructae,
946 1657 1108 1720 surculis
1137 1660 1314 1728 minimis

273 1748 321 1811 eb
343 1745 496 1810 arteriis
518 1745 1063 1827 capillaribusettenuiesimis
1086 1781 1206 1826 venue
1223 1784 1314 1846 por·

273 1852 404 1910 terum
435 1847 690 1928 staminibue3
718 1861 923 1916 excurrunt
958 1877 1089 1922 eorum
1118 1863 1313 1932 radiculae

273 1951 472 2033 esingulis
495 1951 616 2016 acinis
627 1991 638 2028 ,
660 1972 757 2037 quee
779 1953 867 2018 dein
887 1956 928 2020 in
950 1961 1099 2048 majore
1119 1969 1312 2054 colligun-

270 2058 336 2116 tur
355 2073 446 2114 vesu
458 2091 469 2128 ‚
490 2058 605 2138 etque
626 2055 745 2119 remis
768 2057 894 2122 tribus
915 2063 1162 2142 potissimum
1190 2073 1310 2156 mejo-

270 2155 377 2219 ribus
400 2160 437 2218 et
456 2155 632 2238 pluribus
651 2157 868 2226 minoribus
889 2161 929 2226 in
951 2183 1085 2233 cevem
1107 2170 1310 2244 insinuen-

271 2267 335 2327 tur
357 2282 507 2328 venem.

348 2407 389 2490 5)
419 2406 546 2472 Vese
579 2410 910 2495 lymphatica
940 2417 1125 2502 hepatis,
1163 2421 1307 2494 dudum

267 2509 352 2576 vise
365 2507 534 2596 (§.173.),
547 2513 699 2597 copiose
716 2521 818 2592 sunt,
834 2519 877 2582 in
897 2521 1079 2588 celluloso
1099 2531 1227 2604 textu,
1240 2532 1307 2613 qui

267 2597 518 2682 membraneo
547 2619 713 2682 extimeo
745 2624 782 2684 et
807 2625 1105 2710 perenchymeti
1135 2629 1306 2714 interpo-

265 2718 393 2799 nitur,
411 2719 613 2802 praecipue
636 2719 806 2804 disperse
819 2764 829 2798 ‚
853 2745 1011 2808 cumque
1035 2729 1139 2808 illis,
1162 2751 1256 2817 quae
1285 2757 1306 2800 e

264 2819 422 2886 visceris
445 2823 748 2906 perenchymete
771 2835 991 2910 emergunt,
1016 2837 1302 2902 communicen·

264 2923 325 2988 tie
345 2925 405 3010 lc).
439 2926 533 2990 Sunt
554 2926 648 2988 baec
676 2947 769 2990 vase
796 2927 959 2996 flaccide
981 2940 1019 2998 et
1045 2939 1214 3006 valvulis
1238 2941 1299 3008 de·

263 3025 433 3106 stitute,
459 3031 504 3090 ut
537 3025 629 3090 edeo
652 3028 752 3092 remi
782 3049 850 3114 per
878 3040 1031 3102 truncos
1062 3039 1216 3122 inflari,
1238 3049 1301 3114 vel

264 3143 393 3188 messa
414 3121 547 3214 eliqua
575 3127 715 3212 repleri
745 3133 908 3214 possint.
941 3137 993 3202 Ex
1016 3160 1058 3204 eo
1080 3144 1200 3208 etiem
1221 3154 1301 3224 est,

266 3229 368 3316 quod
393 3223 556 3316 lymph'e
583 3231 647 3296 hic
677 3233 795 3300 facile
832 3245 1037 3326 stagnare,
1066 3253 1103 3309 et
1132 3248 1300 3336 hydropi

266 3333 508 3398 ebdomineli
528 3340 657 3400 ortum
676 3339 858 3420 praebere
875 3343 998 3426 possit
1017 3345 1067 3433 1).
1092 3349 1301 3434 Egrediun-

265 3443 328 3502 tur
347 3437 476 3504 trunci
496 3439 636 3504 horum
662 3461 842 3508 vesorum
866 3449 1111 3530 potissimum
1132 3461 1299 3538 percel·
1414 3525 1421 3533 ,

264 3544 428 3608 luloeem
455 3563 574 3608 venee
597 3548 797 3626 porterum
821 3553 1037 3634 capsulam,
1059 3555 1106 3619 ed
1129 3558 1299 3628 thoraci·

265 3665 353 3710 cum
370 3652 617 3732 properantes
637 3648 806 3720 ductum.

344 3787 454 3874 Viget
468 3795 596 3854 eutem
614 3789 717 3856 inter
732 3809 907 3858 vesorum
927 3793 1095 3864 huodum
1116 3801 1298 3872 adducto.

261 3913 348 3960 rum
376 3890 544 3956 surculos
573 3891 790 3968 minimos,
815 3899 854 3958 et
876 3897 977 3978 ipsos
1009 3901 1128 3968 etiem
1159 3905 1296 3976 ductus

260 3993 461 4068 bilisrios,
481 3993 584 4088 mire
604 3994 880 4072 anastomosis,
901 4015 1016 4082 quem
1045 4005 1126 4068 cell.
1149 4009 1296 4076 Hecur-

262 4116 333 4166 nus
346 4143 358 4176 ,
376 4101 668 4177 stnnrrerre,
695 4101 929 4169 Processu
958 4114 1027 4176 etc.
1057 4118 1145 4196 post
1166 4117 1295 4202 plures

259 4206 355 4276 elios
375 4205 646 4293 experimentis
667 4203 864 4274 evicerunt
882 4209 958 4297 m).
