2892 5004
217 335 230 422 .'
303 367 351 464 ’,ιο
397 369 487 439 Lm.
498 367 526 436 1.
538 369 629 438 car
641 363 671 436 l
686 367 746 439 Dr
761 362 957 439 scrutur
976 381 1259 446 autumnos!-

753 538 783 612 §-
825 541 952 614 274.

310 724 519 812 Lingua.
542 722 734 832 Fauces.
756 673 1002 808 Pharynx.
1025 655 1355 807 Oescpbcgus.

388 895 571 976 organon
593 885 926 960 mobilissimum,
952 840 1154 962 carneum,
1175 885 1356 986 pluribus

177 991 196 1009 ⁹
222 1029 227 1044 «
306 991 589 1069 muscularibus
610 979 857 1073 portionibus
866 989 1007 1067 ,molli
1028 988 1208 1052 celluloso
1229 989 1358 1054 textui

304 1093 499 1170 immersis
511 1137 523 1172 ‚
536 1095 793 1177 compositum
803 1131 815 1169 ‚
825 1093 960 1158 tunica
979 1109 1136 1162 mucosa
1152 1093 1357 1168 vestitum,

189 1273 192 1280 ,
304 1199 576 1270 masticationi
599 1195 650 1284 (§.
671 1201 793 1285 27a.,)
815 1196 1089 1282 deglutitioni,
1108 1197 1286 1280 gustatui
1317 1203 1357 1260 et

305 1305 485 1393 loquelae
515 1302 752 1378 inserviens,
772 1301 953 1384 lingua
986 1297 1141 1362 dicitur.
1182 1283 1357 1366 Nectitur

295 1411 406 1477 ⁴facie
431 1407 618 1474 inferiore
643 1425 729 1469 cum
749 1404 836 1469 cavi
859 1401 936 1468 oris
954 1401 1075 1468 fundo
1106 1401 1250 1467 frenuli
1270 1423 1357 1500 ope

304 1519 442 1600 utpote
470 1531 646 1576 mucosae
676 1509 831 1573 tunicae
860 1505 1150 1592 productionis3
1168 1506 1217 1570 ad
1249 1507 1358 1572 redi·
1397 1597 1400 1604 ⁴

304 1645 389 1690 cem
417 1643 485 1708 per
506 1621 697 1687 musculos
726 1637 813 1708 cum
847 1617 995 1682 ossibus
1018 1616 1203 1700 hyoidis,
1224 1623 1263 1681 et
1288 1639 1358 1702 per

302 1727 551 1794 membranas
582 1742 668 1787 cum
690 1723 857 1808 'laryngc
881 1718 1077 1809 jungitur3
1097 1721 1216 1786 facies
1245 1743 1356 1806 supe·

245 1835 250 1851 ’
302 1831 385 1897 rior
406 1833 444 1893 et
461 1846 550 1910 pars
568 1825 741 1894 anterior
758 1825 884 1888 libera
902 1829 972 1888 est.
995 1823 1176 1890 Anterior
1197 1824 1363 1910 linguae

301 1953 392 2019 pers
413 1930 699 2026 horizontalcm
718 1929 840 1994 habet
858 1929 1053 2012 positum,
1072 1930 1267 2012 posterior
1289 1931 1358 1996 de·

303 2053 434 2100 orsum
459 2039 503 2098 st
519 2041 661 2117 perum'
690 2037 912 2096 antrorsum
942 2029 1126 2096 flectitur.
1160 2035 1358 2100 Constitu·

294 2130 381 2201 'unt
399 2134 570 2200 musculi
591 2131 748 2218 liuguae
779 2134 860 2198 tria
885 2132 1136 2234 potissimum
1166 2137 1360 2220 parallelo

301 2243 451 2304 strata:
486 2227 798 2320 stylogl'ossi
829 2255 851 2298 a
880 2253 1058 2318 processu
1090 2237 1285 2325 styloideo
1309 2262 1357 2306 u-

298 2342 456 2425 trinque
477 2338 681 2416 oriuntur,
703 2334 915 2402 efformant
945 2337 1071 2401 latere
1093 2344 1132 2404 et
1157 2342 1357 2428 margines

298 2443 480 2544 lirlsguso,¹
498 2457 630 2524 usque
657 2439 807 2521 apicem
839 2444 1356 2530 excurrentes31ingua·

187 2539 189 2544 ’
298 2548 376 2612 les
403 2547 553 2630 partem
576 2542 802 2608 interiorem
837 2547 876 2605 et
897 2540 1146 2623 inferiorem,
1176 2549 1267 2614 inde
1303 2553 1357 2618 ab

300 2653 411 2736 apice
427 2669 547 2736 usque
560 2647 739 2720 radicem
760 2653 977 2730 occupant,
997 2669 1083 2714 cum
1108 2672 1190 2742 osse
1213 2655 1357 2739 hyodis

301 2759 344 2817 et
366 2754 532 2840 laryngo
553 2749 754 2836 praedicto
784 2749 901 2814 modo
932 2752 1202 2835 cohaerentes3
1230 2757 1357 2844 hyo-
1383 2823 1387 2828 ,

303 2854 480 2942 glossi
509 2852 708 2920 fasciculis
742 2852 925 2938 utrinque
965 2851 1090 2919 tribus
1121 2857 1170 2920 ab
1205 2860 1358 2926 ossibus

297 2942 490 3045 hyoideis.
503 2959 811 3030 subnascuntur,
835 2956 1030 3038 complent
1050 2976 1121 3042 pro
1152 2968 1264 3042 parte
1290 2985 1356 3028 ra.

303 3063 431 3138 dicem
464 3059 651 3143 linguae,
687 3055 1049 3124 decussant'fibras
1087 3065 1355 3134 musculorum
1430 3117 1431 3134 ι

303 3161 564 3248 Eugamium,
585 3168 624 3225 st
654 3161 919 3245 producuntur
943 3163 1024 3226 alis
1051 3161 1162 3247 pa'rte
1194 3167 1243 3231 ed
1270 3172 1359 3254 api.

309 3289 393 3336 com
415 3285 556 3354 usqus;
575 3267 727 3351 genio
741 3268 823 3351 glo
837 3267 906 3330 ssi
929 3265 1092 3352 deniquo
1119 3273 1309 3353 musculi,
1330 3297 1358 3342 a

304 3373 605 3464 protuberantie
637 3373 794 3437 interna
807 3375 810 3384 “
825 3370 1025 3434 inferioris
1048 3374 1237 3439 maxillae*
1254 3380 1358 3456 orti,

306 3477 436 3563 spatia
463 3476 616 3561 reliqua
652 3475 829 3566 explent,
858 3478 1086 3558 partemque
1115 3479 1355 3548 anteriorem

304 3589 346 3650 et
380 3578 620 3663 superiorem
662 3575 917 3661 posteriorem
957 3575 1114 3662 linguas
1147 3575 1358 3651 efformare

309 3683 512 3769 adjuvant.

391 3844 648 3918 Providentur
672 3841 717 3905 hi
737 3841 909 3906 musculi
929 3842 1056 3908 nervis
1080 3847 1359 3928 cerebralibus,

307 3955 684 4067 glossopharyngeo,
706 3947 876 4031 linguali
898 3949 1025 4014 medio
1047 3957 1085 4015 st
1104 3954 1359 4038 hypoglosso,

303 4077 474 4152 quorum
492 4053 685 4142 posterior
706 4050 797 4115 solis
817 4057 970 4116 tantum
991 4054 1146 4138 linguae
1174 4062 1360 4130 carnibus

306 4161 530 4257 prospicit.
534 4161 600 4224 Est
618 4156 751 4242 itaqua
764 4154 923 4238 linguae
941 4164 1068 4224 motus
1083 4163 1246 4227 arbitrio
1264 4167 1360 4230 sub-

310 4274 446 4363 iectus.
466 4267 695 4336 retrorsum
715 4265 893 4356 movetur
904 4281 971 4348 per
990 4265 1253 4358 gancoglossos
1265 4291 1276 4354 3
1288 4285 1361 4356 po.
