2898 4992
91 327 95 340 ’
157 454 160 463 .
251 375 303 430 ar
324 374 528 444 nenrpuoa.
549 373 867 432 incurreram.
898 351 1052 434 career.
1123 381 1187 456 499

144 521 259 590 saepe
291 507 400 572 adest
436 511 559 572 aestus
591 519 679 570 cum
706 504 821 589 pulsu
857 507 1048 588 tardiore,
1070 522 1186 597 prout

147 609 426 800 ῗέξίοἱῖοὴιίἰίι
448 629 533 675 cum
552 609 665 694 pulsu
689 609 911 697 frequenter
931 613 1104 701 iungitur
1128 640 1187 686 ca·-

233 857 352 921 Eraut
382 853 477 932 alli,
503 853 569 940 qui
602 855 768 920 calorem
799 855 841 920 in
872 858 1087 926 ventriculo
1118 863 1189 928 sub

148 957 377 1048 digestionis
399 981 578 1046 processu
610 961 739 1027 evolvi
763 962 984 1029 docuerunt.
1014 965 1191 1033 Recenti·

148 1085 234 1132 uree
273 1069 402 1127 autem
438 1069 600 1128 naturae
630 1065 860 1128 scrutatores
893 1063 942 1128 ad
976 1063 1191 1132 chemicant
1249 1089 1255 1104 ·

10 1245 13 1250 ¹
147 1169 228 1252 ejus
246 1165 379 1231 vitalis
400 1163 661 1247 phaenomeni
678 1163 879 1231 redierunt
895 1166 1197 1250 expositionem,

148 1273 276 1338 multo
308 1267 463 1354 quidem
493 1267 638 1350 majore
666 1285 751 1330 cum
778 1286 979 1342 successu,
1002 1269 1193 1355 siquidem

29 1403 40 1416 ·
149 1369 360 1456 disciplina
384 1367 515 1434 eadem
544 1366 724 1454 plurimis
745 1367 1035 1434 inventionibus
1057 1379 1170 1435 aucta
1182 1401 1195 1448 ·,

150 1483 191 1542 et
217 1473 394 1540 doctrine
414 1471 457 1536 de
479 1471 638 1558 spiritus
660 1469 824 1538 ducendi
846 1471 972 1539 allicio
995 1472 1197 1542 illustrata

149 1577 355 1666 praecipua
376 1575 505 1641 luerit.

237 1718 483 1804 Praecipuum
515 1712 779 1784 adtentionem
820 1707 1016 1785 merentur
1051 1709 1199 1803 etpsri·
1228 1729 1231 1742 '

150 1828 361 1902 mentam
382 1813 471 1886 inda
494 1817 653 1884 deducta
673 1815 810 1884 caloris
835 1815 1016 1885 animalia
1034 1818 1201 1898 theoria,

151 1934 205 2000 ab
222 1925 346 2022 ¹Adair
365 1925 589 1990 cnsweonn
612 1945 645 1990 a.
668 1941 758 2006 1779.
773 1921 943 2008 primum
965 1923 1126 2009 vulgata
1146 1927 1201 2013 f).

151 2027 349 2104 Distinxit
377 2023 437 2092 vir
459 2019 556 2120 ista,
579 2031 617 2090 et
648 2019 924 2092 determinavit
952 2023 1069 2092 simul
1099 2029 1202 2094 vari-

157 2147 269 2200 orum
300 2147 500 2212 corporum
536 2121 674 2192 caloris
709 2123 990 2210 capacitatem,
1013 2127 1206 2196 ostendit-⁸

153 2259 229 2326 qua
252 2235 374 2314 hanc,
400 2234 553 2295 mutata
571 2249 638 2314 per
668 2245 803 2292 causas
821 2223 1000 2313 physicas
1025 2237 1093 2296 aut
1112 2228 1202 2298 ohe·

155 2341 277 2408 micas
308 2331 613 2400 substantiarum
646 2326 797 2410 forma,
815 2325 959 2394 mutari
991 2325 1051 2414 (ς.
1081 2337 1202 2420 asu).

156 2445 228 2512 iiie
255 2461 323 2526 par
353 2431 616 2520 experimenta
647 2421 1077 2516 plurima‘iliuatratie,
1098 2437 1201 2502 calo·
1288 2443 1293 2452 '

157 2565 242 2615 rem
266 2535 474 2606 animalem
498 2529 539 2599 in
569 2529 816 2620 pulmonibus
841 2529 1018 2617 generari
1043 2531 1198 2604 docuitr

155 2669 225 2738 par
250 2659 466 2730 processum
494 2635 728 2713 chemicum,
752 2632 817 2718 qui
838 2635 879 2700 in
901 2629 948 2698 iis
967 2629 1110 2700 accidit
1141 2653 1204 2701 or·

152 2749 269 2840 genie
281 2793 291 2824 ,
317 2751 355 2812 et
375 2739 440 2832 qui
460 2743 586 2806 lentae
614 2733 873 2804 combustioni
905 2735 957 2802 slt
975 2731 1122 2820 simlia,
1142 2757 1204 2802 ca-

153 2853 367 2940 pacitatem
402 2838 539 2910 caloris
570 2837 732 2920 mutari3
756 2843 907 2923 partem
930 2835 1108 2924 oxygonii
1137 2837 1204 2906 ad.

157 2949 297 3042 epirati
330 2943 429 3016 aiirie
466 2967 550 3014 cum
587 2947 772 3032 sauguine
810 2945 1014 3033 coniungi,
1037 2949 1203 3014 alteram

156 3043 248 3130 cum
271 3055 472 3122 carbonico
496 3050 572 3118 atri
590 3049 763 3116 humoris
787 3049 913 3115 aie‘rem
947 3051 1099 3136 acidum
1120 3071 1204 3116 car·

158 3159 345 3232 bonicum
374 3155 602 3224 constituere
614 3195 623 3229 ‚
647 3155 761 3240 atqua
790 3151 909 3218 aliam
943 3173 1028 3220 cum
1059 3137 1204 3239 hydro·
1246 3173 1249 3182 ·

158 3258 272 3356 genio
291 3259 331 3328 in
354 3279 492 3348 aqueus
513 3257 615 3326 verti
632 3276 790 3340 vapores
811 3255 933 3340 (conf.
951 3259 980 3336 ς.
993 3263 1200 3340 334-337.).

159 3366 336 3440 subiato
370 3365 498 3430 autem
534 3361 711 3448 oxygonii
743 3357 934 3426 connubio
966 3360 1202 3434 caloricum,

161 3471 264 3561 quod
287 3469 326 3534 in
350 3469 461 3532 airaa
482 3465 588 3550 prius
617 3459 733 3528 latuit
754 3463 901 3536 forma,
923 3459 1086 3526 liberum
1114 3457 1201 3526 red·

155 3573 293 3648 ditur,
314 3570 513 3656 ipsumque
535 3563 661 3654 gignit
682 3567 849 3630 calorem
872 3561 1092 3632 animalem.

249 3733 436 3804 Doctrina
454 3733 570 3808 haec,
593 3747 705 3818 quam
738 3730 864 3814 plures
891 3725 1053 3796 chamini
1074 3749 1204 3796 recan-

162 3838 284 3908 tioree
316 3815 575 3920 ad=optarunt,'
589 3833 740 3922 suisque
761 3831 1007 3898 illustrarunt
1029 3829 1204 3898 animad-

161 3940 405 4008 versionibus
417 3930 463 4002 ¹et
481 3936 678 4021 periculis,
703 3934 878 4018 pluribus
900 3931 1052 4018 quidem
1072 3929 1205 3998 firma·

164 4043 202 4110 ri
234 4043 386 4110 videtur
416 4039 683 4124 argumentis,
712 4039 790 4104 euis
831 4044 962 4102 tamen
996 4056 1072 4104 non
1103 4041 1206 4102 caret

168 4137 474 4210 difficultatibus.
495 4139 670 4226 Pugnant
688 4160 756 4226 pro
777 4158 820 4204 ea
838 4133 1096 4220 mutationes,
1111 4157 1204 4224 quae

169 4245 234 4310 aiir
255 4239 579 4328 atmoaphaaricue
610 4263 676 4328 par
701 4236 999 4326 respirationem
1021 4235 1124 4314 subit
1156 4238 1207 4327 (ς.

804 4359 809 4370 ·
938 4340 1019 4412 lia
