2898 4992
240 359 256 399 Ι.
352 314 459 380 Suor.
474 311 522 382 11.
541 309 599 378 D!
619 323 730 400 moro
753 259 1020 380 sauourrrsi'
1130 315 1200 402 ω

150 460 307 534 mento,
336 475 410 542 quo
441 475 505 522 cor
526 453 570 522 in·
595 453 760 524 diastole
782 463 867 540 erig
886 455 1080 546 siquidem
1108 481 1198 528 aaa·

151 563 234 650 guis
256 583 299 626 eo
320 553 492 646 tempore
509 582 533 624 a
555 561 668 626 eorde
685 560 789 626 haud
808 563 1198 650 propellatur,ipsae·

152 689 226 758 que
245 667 437 747 arteriae,
459 667 622 734 humore
643 667 684 734 in
708 667 896 751 oepillere
919 675 1089 756 systema
1108 690 1200 756 pro-

151 781 258 842 moto
272 817 284 854 ,
299 763 482 839 volumen
503 773 712 858 pristinum
733 772 809 845 eibi
832 775 1058 854 restituere,
1079 777 1220 864 inqua

151 878 270 942 situm
303 873 474 960 priorem
513 875 639 943 redire
662 877 851 948 ,niteatur
880 879 939 964 a).
983 879 1033 946 Ut
1067 885 1202 948 autem

151 981 252 1048 hano
282 979 437 1048 fulciret
469 979 717 1064 opinionem,
738 983 931 1070 simulque
951 983 1172 1053 ostenderet
1184 1027 1200 1064 r

152 1097 306 1150 omnem
325 1085 526 1172 sanguinis
545 1090 695 1149 motum
715 1087 763 1150 ab
782 1087 895 1152 unioo
914 1087 1037 1154 cordia
1056 1087 1198 1174 impul·

155 1203 200 1252 su
232 1187 422 1272 pendere5
449 1187 687 1272 argumentis
716 1207 804 1254 usus
832 1195 891 1254 est
912 1189 1117 1276 praecipue
1140 1211 1198 1256 se·

150 1291 380 1377 quentibusr
402 1291 554 1356 arteriis
575 1293 822 1358 manifestam
844 1277 970 1360 deesse
991 1293 1200 1362 irritabili-

152 1399 298 1475 tatem;
320 1395 473 1480 pulsum
498 1415 578 1459 esse
606 1397 817 1480 regularem
851 1396 957 1464 infra
981 1397 1201 1464 anevriema

155 1503 194 1560 et
213 1497 447 1562 ossificatam
483 1498 647 1564 arteriae
674 1505 851 1584 pertem3
882 1497 1107 1566 econverso
1130 1521 1200 1566 au-

118 1609 123 1620 “
154 1611 236 1670 tem
266 1605 498 1670 arteriarum
525 1605 679 1688 pulsum
708 1619 731 1669 a
764 1609 947 1670 consueta
967 1623 1117 1687 semper
1139 1605 1202 1670 da·

156 1705 300 1772 clinare
324 1709 477 1793 regula,
499 1707 650 1794 quoties
673 1729 736 1774 cor
754 1709 891 1774 morbo
917 1705 1122 1784 adfinitum
1141 1727 1202 1772 se·

155 1809 325 1896 junctam
345 1831 369 1875 a
390 1810 502 1876 eorde
532 1829 684 1896 quaqua
714 1811 867 1876 ratione
891 1809 1077 1877 arteriam
1099 1829 1202 1876 nuu··

156 1931 271 1999 quam
301 1913 476 1992 moveri,
496 1915 574 1980 nisi
606 1919 869 1980 anastomosss‘
897 1911 1115 1992 adfuerintt
1138 1933 1201 1980 ar·

153 2017 343 2084 terias-um
359 2018 490 2100 pulsus
524 2032 592 2100 per
613 2019 837 2106 universum
866 2037 1003 2103 eorpus
1023 2019 1209 2096 aequales

154 2137 258 2197 ease,
280 2123 318 2181 at
337 2135 543 2201 congruere
563 2137 648 2184 oum
670 2115 793 2184 cordis
814 2119 1099 2198 moturnullibi
1118 2123 1207 2206 pul.

156 2239 242 2288 sum
266 2221 497 2285 arteriarum
519 2221 561 2286 in
593 2221 829 2287 animalibus
858 2221 1031 2300 adverti,
1050 2224 1119 2289 ubi
1140 2244 1204 2289 cor

157 2325 417 2404 desideratum
434 2321 587 2410 pulsum
616 2343 686 2392 nos
717 2345 825 2410 possa
852 2327 1005 2393 imitari
1026 2329 1068 2393 in
1088 2329 1204 2394 cada-

156 2429 260 2496 veris
290 2428 435 2495 arteris
458 2429 525 2493 aut
545 2448 665 2504 vena,
688 2427 884 2496 transfuso
910 2451 955 2495 ex
978 2429 1125 2496 arteria
1145 2431 1208 2495 vi-

157 2529 199 2596 vi
218 2531 405 2598 animalis
423 2521 706 2617 sanguineae!
726 2533 894 2618 impulso
916 2551 984 2617 per
1002 2531 1104 2597 vices
1121 2553 1204 2606 mee

159 2637 319 2703 rhenica
337 2638 378 2702 vi
397 2639 579 2723 quopiam
599 2637 747 2724 liquido
768 2637 830 2724 b).
853 2636 941 2702 Istis
964 2635 1115 2702 addidit
1131 2657 1204 2701 nu-

158 2759 227 2828 per
246 2743 314 2806 oet.
344 2741 583 2816 Barzaurus,
605 2739 780 2806 tunicam
812 2738 1068 2804 musoulerem
1102 2743 1203 2803 arte-

158 2843 306 2912 riarum
342 2843 462 2910 aliem
496 2829 640 2912 habere
673 2852 869 2912 texturam
910 2852 948 2911 et
978 2843 1205 2914 mistionem

160 2969 275 3034 quam
303 2947 426 3014 fibrae
457 2947 604 3031 habeut
640 2967 823 3026 carneae,
856 2957 973 3034 atque
1001 2945 1124 3014 aliam
1152 2944 1212 3036 iis·

161 3075 241 3120 esse
261 3052 397 3120 debere
415 3055 597 3120 naturam
618 3072 734 3141 quam
753 3055 936 3120 musculis
956 3052 1012 3143 o).

242 3217 390 3283 sivero
414 3239 457 3282 ea
487 3215 786 3296 consideramus,
818 3237 913 3304 quae
944 3219 1061 3304 paulo
1094 3219 1210 3303 prius·

164 3319 217 3406 (ς.
237 3317 331 3406 394.)
344 3319 594 3401 adduximus,
612 3321 863 3388 manifestum
882 3329 958 3400 est,
975 3309 1205 3409 sanguinem

166 3425 245 3490 solo
269 3423 390 3490 cordis
415 3423 584 3508 impulsu
605 3421 709 3488 haud
730 3423 900 3500 moveri,
924 3423 1111 3490 etdocent
1135 3425 1205 3491 ob·

164 3527 400 3596 servationes
421 3526 634 3616 plurimae,
654 3527 817 3601 arterias¹
836 3527 994 3594 omnino
1021 3527 1201 3594 irritabi·

165 3633 220 3718 ies
242 3653 342 3715 esse,
359 3651 503 3720 suaque
525 3627 824 3716 vitali·energia
852 3650 1007 3716 reagere
1040 3629 1082 3696 in
1111 3651 1205 3696 san·

168 3735 346 3822 guinem,
369 3735 530 3820 proinde
552 3733 741 3820 insignem
766 3733 908 3802 habere
926 3735 967 3800 in
994 3733 1204 3802 circuitum

168 3839 382 3920 influxum,
401 3837 443 3903 id
457 3837 560 3929 quod
577 3861 600 3917 ‚a
621 3839 983 3927 sequentibuepetet
1002 3836 1206 3905 rationum

162 3941 387 4015 momentis.
1158 3935 1161 3944 ’

235 4144 240 4155 .
295 4117 329 4201 r)
354 4111 491 4180 Fibrae
508 4115 742 4184 muscularer
761 4112 992 4184 arteriarum
1012 4107 1065 4196 (ς.
1088 4113 1204 4198 rga„

199 4263 202 4273 s
254 4216 326 4286 etsi
346 4215 513 4302 pallidas
531 4217 631 4298 siut.
651 4219 699 4286 alr
721 4217 909 4294 aliorum,
936 4213 1207 4302 organicorum
