2922 4996
282 417 341 490 178
382 409 470 480 Lrs.
488 407 516 472 1.
529 410 618 500 cer.
633 406 679 474 ΙΙ.
698 371 757 474 Dr
772 425 961 496 seruans.
976 381 1239 492 incussione.¹

277 555 347 620 bus
369 556 441 620 iste
463 556 673 633 inseritur,
696 559 756 652 vel
776 561 847 624 hac
869 563 984 646 chyli
998 566 1063 629 vie
1092 568 1170 634 alia
1191 571 1313 637 ratio-

276 680 324 726 ne
346 659 554 762 impedita,
576 660 700 724 vitem
722 661 867 746 diutius
890 669 1123 749 protraxisse
1139 673 1201 757 b).

345 796 425 872 ¹His
459 809 696 890 objecerunt·
712 808 804 871 alii:
834 829 1021 874 venarum
1061 815 1316 898 capacitatem

274 913 324 980 ad
349 914 509 978 arterias
529 913 620 979 'non
643 913 769 976 solum
801 914 841 977 in
865 919 1151 996 mesentericis,
1180 943 1317 988 verum

272 1020 414 1104 ubique
436 1039 504 1102 per
518 1019 751 1110 *universum
771 1007 904 1100 corpus
921 1021 1108 1100 maiorem
1129 1047 1231 1108 esses
1255 1027 1315 1089 di-

271 1144 421 1210 versam
451 1123 647 1206 sanguinis
674 1107 1015 1234 earumsvenarum
1044 1127 1215 1192 indolem
1249 1153 1314 1195 ex-

271 1227 489 1313 perimento
513 1228 817 1294 demonstratam
842 1247 917 1291 non
945 1251 1047 1310 esse3
1070 1254 1162 1296 vasa
1188 1235 1315 1300 lacteo.

271 1339 354 1399 tam
374 1356 451 1398 osse
477 1353 702 1409 numerosa,
721 1339 764 1396 ut
793 1333 1035 1415 absoiptioni
1066 1339 1224 1402 omnino
1252 1362 1312 1404 re·

269 1435 495 1520 spondeant.
537 1419 710 1520 Denique
744 1432 894 1499 addidit
925 1456 1009 1498 suas
1043 1438 1110 1500 cel.
1140 1438 1308 1504 anrsn

266 1539 580 1604 observationes:
601 1539 741 1620 injecta
770 1537 873 1599 enim
895 1536 937 1600 in
959 1538 1169 1622 deligatam
1199 1539 1312 1605 vivoss

266 1643 604 1728 rumanimalium
627 1641 807 1716 intestini
830 1641 1051 1723 portionem
1073 1637 1228 1711 diversa
1259 1650 1309 1712 li·
1341 1628 1344 1636 ¹

268 1745 389 1830 quida
418 1746 574 1839 chylum
604 1743 832 1806 subiverunt
855 1742 986 1828 ‚quin
1015 1745 1148 1831 aliqua
1173 1769 1308 1815 sorum

266 1849 309 1912 in
331 1847 516 1930 sanguine
536 1865 724 1910 venarum
749 1845 1090 1910 mesentericarum
1119 1854 1309 1933 apparue-

266 1950 349 2016 rint
368 1951 538 2034 vestigio
559 1949 613 2036 c).
687 1999 690 2008 .
822 1929 828 1947 ’

250 2103 273 2122 “
351 2092 503 2161 Auditis
533 2111 603 2176 pro
637 2097 800 2176 utraque
830 2088 1008 2172 opinione
1040 2097 1301 2177 argumentis,

266 2219 345 2262 non
385 2215 584 2281 possumus
624 2201 797 2259 nostram
834 2215 911 2256 non
950 2200 1176 2280 conjungere
1217 2187 1304 2266 cuni

264 2302 298 2365 H
310 2301 471 2365 alleri
491 2306 527 2366 et
545 2299 711 2361 aliorum
732 2298 815 2359 cell.
839 2296 1014 2360 virorum
1037 2303 1304 2389 sententiad)‚

263 2423 386 2486 nuper
409 2425 432 2466 a
442 2403 516 2466 ·cel.'
535 2404 565 2466 T
578 2423 596 2465 r
609 2423 627 2464 e
640 2423 663 2463 v
675 2402 689 2462 i
702 2421 721 2463 r
734 2421 757 2463 a
769 2419 826 2462 no
842 2417 989 2484 quoque
1011 2411 1162 2492 recepta
1174 2410 1227 2488 e):
1240 2429 1306 2472 ve.

262 2528 331 2572 nas
361 2501 519 2570 omnino
549 2505 706 2589 chylnm
735 2507 771 2564 et
801 2501 899 2590 alios
926 2504 1129 2579 humores,
1153 2487 1305 2591 cor‘pori

263 2610 428 2676 animati
450 2611 572 2692 magis
602 2604 864 2679 adsimilatos,
890 2606 1058 2689 recipere
1087 2616 1304 2692 posse„vel

262 2719 403 2786 saltem
420 2737 511 2781 vasa
541 2711 785 2778 absorbentia
808 2731 893 2774 cum
923 2734 1064 2776 venoso
1095 2721 1303 2810 systemate

260 2821 405 2906 ubique
428 2815 774 2894 communissima.
796 2816 865 2888 164.
887 2834 925 2876 n.
946 2813 1301 2904 4.)‚adeo,ut1ni.

259 2923 359 2986 nimi
383 2941 514 2986 eorum
536 2918 696 2989 surculi,
719 2916 870 3001 liquida
897 2919 1154 2982 subtilissima
1178 2925 1215 2984 et
1238 2921 1299 2986 in-
1376 2957 1383 2968 ·

259 3026 348 3090 dole
379 3045 447 3089 sua
473 3012 600 3086 minus
635 3017 862 3084 differentia
890 3022 1095 3103 vehentes,
1120 3025 1230 3090 venis
1259 3049 1301 3091 se

259 3129 490 3200 insinuent,
515 3125 634 3190 ramis
666 3122 908 3206 majoribus,
936 3124 1001 3209 qui
1032 3124 1226 3192 densiores
1261 3137 1299 3195 et

258 3251 371 3314 saepe
393 3230 515 3313 magis
539 3225 760 3292 differentes
784 3215 962 3291 humores
987 3229 1207 3308 continent,
1229 3251 1299 3316 per

256 3333 467 3418 glandulas
475 3330 733 3415 lymphaticos
753 3327 914 3414 (§.169.)
939 3336 982 3418 et¹
995 3333 1224 3398 mesaraicas
1249 3335 1298 3398 ad

259 3437 418 3502 ductum
462 3433 705 3496 thoracicum
739 3431 998 3497 tendentibus.
1039 3433 1135 3498 Sunt
1167 3443 1298 3502 autem

256 3539 391 3623 plura,
414 3550 512 3622 quae
530 3555 601 3619 pro
620 3534 693 3597 hac
712 3540 885 3617 pugnant
907 3528 1123 3598 sententiar
1202 3565 1203 3568 ¹
1226 3613 1230 3623 ῃ

375 3681 569 3770 '1)Tanta
596 3681 889 3764 potulentorum
915 3679 1045 3762 copia,
1068 3699 1164 3763 quae
1189 3681 1296 3748 intra

336 3794 488 3868 tempus
505 3785 684 3867 exiguum
706 3806 817 3868 saepe
845 3783 1083 3860 adsumitur,
1106 3791 1144 3848 et
1175 3786 1292 3868 paulo

334 3895 422 3974 post
450 3907 519 3971 per
549 3886 736 3968 urinam,
768 3887 865 3950 cutis
896 3887 1217 3972 perspi'rationom
1253 3898 1292 3956 et

337 3993 435 4058 alias
455 3991 560 4067 vias,
579 4007 732 4071 prorsus
759 3989 892 4074 utique
924 3997 1097 4067 mutata,
1120 3993 1292 4058 excerni·

332 4101 498 4175 tur,per
518 4091 676 4155 unicum
695 4091 933 4156 thoracicum
959 4091 1117 4172 ductum
1140 4095 1181 4158 in
1203 4115 1292 4159 san·

333 4196 460 4282 guinis
492 4213 663 4262 messam
696 4195 791 4260 ferri
821 4199 1041 4262 nullatcnus
1080 4204 1228 4282 potest..
1252 4199 1293 4264 Si

334 4297 426 4364 dein
464 4295 730 4380 conceptaculi
763 4299 843 4384 ejus
871 4302 1149 4382 capacitatem,
1184 4299 1291 4388 cujus
