2892 5004
222 393 226 401 ’
295 375 349 482 no¹
378 361 1259 478 uranon.1‘1.birunnunnnssrrom.
1285 387 1287 394 ¹
1324 499 1326 506 Ι

746 577 777 647 i·
815 543 900 640 'as-2..

437 755 912 828 Actioventriculi
948 755 1190 834 chemica.

377 880 470 949 Cum
490 881 536 944 de
548 879 722 943 chemi'ce
746 879 976 964 digestionis
990 899 1102 944 causa
1123 881 1339 966 loquimur,

290 989 529 1075 peculiarem
551 983 811 1074 intelligimus
831 985 1007 1048 humoris
1030 987 1188 1068 gastriei
1216 988 1344 1052 virtu·

207 1078 212 1088 ’
288 1101 370 1158 tem
382 1136 392 1168 ,
404 1111 479 1178 qua
498 1089 736 1154 snbstantias
758 1089 886 1154 varias
899 1135 911 1168 ,
924 1089 1096 1152 chemica
1114 1084 1342 1154 indole'sae·

133 1232 134 1242 κ
173 1207 176 1216 ’
290 1215 338 1281 pe
361 1194 579 1278 oppositas,
604 1191 822 1280 resolvere,
845 1187 960 1275 inque
984 1193 1166 1277 chymum
1181 1213 1342 1260 conver·

291 1305 373 1365 tere
390 1297 497 1362 valet
519 1291 571 1376 (t.
600 1295 712 1380 279.).
733 1295 825 1356 Erat
852 1299 982 1358 autem
1003 1303 1178 1360 veterum
1192 1297 1340 1380 opinio,

293 1402 425 1466 cibum
447 1394 727 1468 inventriculo
754 1396 1010 1472 fermentare,
1033 1403 1100 1462 aut
1122 1399 1236 1480 plane
1272 1421 1343 1484 pu·
1422 1467 1427 1478 ,

291 1510 468 1576 tressera.
490 1506 597 1568 Hanc
618 1506 827 1566 tenuerunt
859 1501 1084 1584 opinionem
1116 1507 1342 1570 Hrerocnn·

296 1623 396 1688 res,
418 1611 709 1680 Enrnnocnns,
730 1603 995 1670 Pmsrorueos
1012 1609 1256 1682 ,Drorrsrus
1270 1609 1345 1672 An)

293 1705 413 1790 onos,
439 1733 483 1776 ac
503 1709 661 1773 nemum
681 1707 832 1772 Llsrmt
861 1714 931 1774 etc.
953 1709 1009 1795 t).
1042 1711 1177 1778 Procul
1208 1721 1342 1778 tamen

294 1820 404 1884 abest
427 1817 475 1880 ab
497 1809 653 1896 energia
674 1809 885 1881 ventriculi
906 1813 1012 1889 vivi,
1035 1821 1079 1878 ut
1106 1837 1238 1880 veram
1271 1815 1342 1880 ed·

293 1922 433 1987 mittat
455 1914 727 2002 putredinem
750 1913 828 1976 imo
850 1921 962 1980 tanta
981 1917 1110 2000 potius
1142 1920 1243 1984 inest
1273 1939 1342 2002 ga·

294 2025 413 2094 otrico
429 2019 590 2088 humori
609 2023 647 2082 et
673 2018 893 2084 ventriculo
926 2021 985 2092 vis
998 2065 1010 2098 ,
1034 2027 1078 2086 ut
1108 2017 1238 2094 carnes
1274 2043 1346 2106 pu-

293 2129 478 2196 trefactas
499 2129 537 2189 et
559 2111 661 2200 alias
675 2127 871 2204 corruptas
886 2123 1127 2190 substantias
1140 2123 1347 2192 emendent

293 2241 333 2300 et
352 2232 400 2296 ab
433 2227 620 2292 ulteriore
643 2217 891 2308 corruptione
920 2231 1106 2292 tueantur
1135 2223 1211 2316 t³³).
1242 2231 1347 2296 Hune

294 2335 477 2401 mourrus
491 2372 502 2408 ‚
527 2329 693 2394 Srsvros
716 2321 845 2392 etalii
876 2327 1149 2396 Jetrochemici
1183 2331 1234 2414 (t.
1263 2333 1343 2418 30.)

291 2445 528 2510 fermentum
548 2437 710 2526 aliquod
729 2435 771 2500 in
795 2438 1011 2502 ventriculo
1036 2437 1165 2504 adesse
1195 2447 1342 2508 statue·

294 2553 408 2622 runt,
430 2565 504 2630 quo
527 2543 611 2608 cibi'
627 2543 669 2606 in
692 2540 1040 2604 fermentationem
1072 2541 1277 2624 rapiantur
1306 2551 1346 2610 et

296 2625 536 2737 digerantur.
558 2645 730 2736 Eandem
751 2644 873 2706 ferme
905 2643 1129 2725 opinionem
1159 2645 1339 2714 Fumone

295 2759 336 2820 et
365 2752 580 2816 Macmtml
618 2745 834 2825 tenebant,
866 2745 1067 2810 docentes=
1100 2769 1234 2828 veram
1263 2773 1345 2817 esse

294 2853 638 2922 fermentationem
649 2867 666 2925 ,·
683 2869 759 2935 qua
781 2849 881 2924 cibi,
900 2849 1127 2914 humoribus
1139 2853 1346 2940 inquilinis

273 2959 437 3035 'mixti,
459 2962 497 3021 et
517 2951 727 3020 ventriculi
752 2952 872 3015 calori
897 2953 1060 3036 subjecti
1072 2996 1082 3031 ,
1104 2955 1344 3042 digeruntur,

295 3060 491 3148 siquidem
536 3053 781 3121 substantiae
823 3056 1043 3134 animales,
1077 3065 1115 3124 et
1148 3063 1348 3144 vegetabi-

280 3141 354 3233 ⁴les
365 3211 377 3246 ,
398 3165 442 3233 in
463 3161 593 3233 cibum
613 3155 797 3224 adhiberi
815 3149 981 3236 solitae,
1002 3159 1127 3226 saliva
1155 3165 1218 3228 vel
1244 3181 1348 3251 aqua

296 3263 546 3354 humectatae
564 3265 604 3326 et
637 3260 773 3324 altiori
805 3265 1092 3364 temperaturae
1122 3267 1345 3350 expositae,

295 3372 537 3441 fermentent
558 3367 617 3454 a).
645 3367 848 3450 Repugnat
886 3371 1017 3430 eutem
1043 3367 1133 3451 huic
1168 3371 1348 3454 opinioni

298 3478 365 3554 id,
390 3471 491 3560 quod
519 3465 758 3534 ventriculus
787 3454 1034 3533 teles'etiem
1063 3471 1231 3537 resolvat
1258 3473 1347 3538 eub-

298 3575 487 3651 stenties,
510 3589 606 3658 quae
624 3573 731 3634 secus‘
752 3568 863 3632 nulla
882 3568 1199 3640 fermentationis
1222 3575 1347 3660 specio

296 3679 570 3751 resolvuntur,
590 3675 635 3735 ut
655 3691 740 3735 ossa
761 3668 970 3736 ostendunt
996 3679 1034 3736 et
1053 3671 1135 3739 elia
1153 3676 1249 3744 dura
1262 3699 1345 3746 cor-

297 3797 407 3866 pora.
430 3771 662 3844 observavit
685 3771 775 3836 dein'
797 3773 1072 3840 Srsntsuzsru
1105 3760 1191 3840 cum
1221 3777 1346 3860 pluri·

297 3881 370 3950 bus
386 3879 475 3948 aliis
498 3883 661 3942 naturae
682 3873 987 3950 scrutatoribus,
1013 3869 1112 3962 quod
1124 3917 1135 3953 ,
1157 3881 1252 3944 licet
1270 3881 1346 3946 ali·

300 4009 377 4079 qua
395 3983 546 4052 accidat
566 3981 607 4042 in
628 3978 845 4066 oepophago
870 3977 1056 4063 digestio,
1087 3983 1251 4062 maiores
1280 3985 1347 4048 be-

302 4095 422 4165 stiae,
443 4109 467 4152 a
486 4083 658 4169 piscibus
681 4087 721 4146 et
750 4082 838 4146 aliis
870 4081 1073 4164 rapacibus
1107 4085 1347 4154 animalibus

230 4211 233 4220 '
299 4197 531 4270 devoratae,
550 4207 595 4250 ea
612 4188 753 4252 saltem
775 4194 886 4272 parte
909 4209 997 4253 vere
1012 4187 1237 4273 digerantur
1248 4233 1259 4266 ,
1271 4211 1348 4277 qua

301 4294 450 4368 actioni
462 4290 674 4384 ventriculi
704 4297 969 4378 exponuntur,
1000 4289 1049 4359 iis
1077 4293 1347 4378 portionibus,

256 4386 321 4449 Γ
595 4407 597 4414 “
1209 4427 1215 4438 ¹
1249 4415 1347 4482 quae

196 4457 390 4550 ,μ
