2898 4992
266 368 332 451 454
371 358 459 424 Lis.
478 358 506 424 1.
526 359 614 436 cer·
633 317 766 424 vivs
786 369 975 422 crscorru
994 365 1222 422 sessorum.

269 503 447 578 moveri,
478 521 547 566 nec
577 503 698 566 ullam
731 522 809 568 esse
847 501 971 566 enimi
998 507 1231 585 potestatem
1267 502 1309 565 in

271 606 396 672 cordis
422 607 615 668 actionem
639 605 700 691 h).
724 607 810 687 Ipsa
833 610 964 668 autem
987 603 1311 668 heedirritabili·

268 717 330 775 tas
352 709 474 772 cordis
496 714 607 770 tanta
627 715 707 784 est,
726 713 770 770 ut
790 707 950 787 perenni
973 712 1011 784 et
1039 707 1234 771 constanti
1254 727 1312 786 re·

267 811 450 894 spondeat
471 812 619 890 motui,
638 809 740 894 quod
765 807 897 872 schola
915 809 1077 892 antiqua
1095 810 1177 892 igni
1203 810 1314 872 inna-

267 924 336 992 to,
365 921 554 984 fermento
585 914 804 999 peculiari,
834 919 978 982 cerebri
1014 925 1082 981 aut
1108 935 1315 980 nervorum

268 1017 482 1104 potestati,
502 1024 655 1086 animae
676 1022 911 1105 intelligenti
935 1027 973 1086 et
996 1019 1083 1084 aliis
1112 1019 1317 1102 adscripsit

270 1127 394 1185 causis
419 1125 467 1207 i).
502 1125 787 1208 Hypotlsesibus
817 1125 903 1188 istis
928 1123 1079 1204 ,dudum
1109 1123 1313 1197 refutatis,

153 1287 158 1292 .
267 1231 494 1308 perpetuam
529 1227 629 1289 hanc
668 1227 952 1291 irritabilitatis
986 1224 1313 1291 restaurationem

269 1325 561 1408 reproductioni
584 1329 809 1404 celerrimae
832 1335 871 1392 et
897 1329 1167 1411 rapidissimae
1196 1331 1317 1389 mate·

269 1426 350 1492 riae
384 1430 691 1509 permutationi,
709 1431 797 1512 pari
820 1450 933 1512 passu
961 1451 1048 1493 cum
1077 1429 1163 1512 ipsa
1193 1424 1318 1490 cordis

270 1528 423 1592 actione
452 1531 669 1606 incedenti,
699 1532 915 1598 adscribere
937 1531 1130 1596 debemus.
1164 1531 1323 1594 Etenim·

270 1631 454 1712 sanguis,
480 1635 668 1700 arteriosa
698 1636 829 1700 indole
856 1638 1070 1702 eminenter
1101 1635 1320 1720 praeditus,

272 1737 396 1800 relate
418 1735 465 1798 ad
488 1737 628 1801 molem
661 1740 782 1804 cordis
819 1742 979 1805 omniuo
1008 1737 1218 1822 copiosus,
1247 1737 1320 1802 sub

272 1840 380 1904 omni
411 1843 620 1905 ventriculi
646 1844 798 1908 sinistri
825 1847 1087 1910 contractione
1116 1864 1184 1926 per
1215 1849 1320 1906 arte·

270 1943 349 2006 rias
374 1946 590 2010 coronarias
605 1948 846 2012 substantiae
868 1949 947 2034 ejus
967 1949 1128 2016 musculi
1150 1948 1318 2014 submit·

271 2046 393 2120 titur,
415 2045 553 2130 ¹viaque
575 2049 805 2118 brevissima
828 2073 895 2134 per
916 2073 1032 2116 venas
1051 2052 1243 2116 reducitur
1269 2051 1322 2133 (ς.

270 2154 380 2232 388.),
396 2157 438 2212 ut
460 2149 554 2212 adeo
573 2157 686 2216 tanta
704 2154 755 2216 sit
774 2155 907 2218 vitalis
927 2154 1005 2230 eius
1025 2154 1153 2218 laticis
1175 2153 1216 2216 in
1237 2173 1322 2219 cor·

274 2251 321 2317 de
340 2253 561 2326 renovatio,
586 2259 729 2336 quante
750 2257 790 2318 in
811 2257 919 2320 nullo
939 2257 1017 2320 alio
1042 2255 1212 2338 corporis
1238 2257 1323 2320 ani·

272 2351 388 2426 malis
412 2353 563 2417 obtinet
583 2372 740 2437 organo.
766 2359 843 2420 Hac
868 2356 988 2440 igitur
1010 2356 1160 2420 ratione
1181 2353 1252 2431 fic,
1281 2357 1325 2416 ut

276 2453 409 2518 mistio
434 2460 472 2518 et
496 2455 596 2518 vires
630 2457 762 2534 cordis,
788 2458 946 2522 adsidue
971 2461 1254 2530 restaurentur,
1286 2479 1324 2520 e-

274 2553 406 2644 jusque
437 2557 716 2634 irritabilitas,
748 2559 952 2640 adcedente
983 2561 1206 2626 irritatione
1233 2578 1321 2640 per·
1426 2577 1427 2580 ’

275 2665 395 2739 petua
431 2655 502 2742 k),
534 2677 600 2738 per
631 2679 742 2724 omne
775 2662 881 2726 vitae
915 2662 1142 2728 individuae
1165 2667 1319 2742 tempus
1426 2705 1427 2722 .

279 2764 523 2846 conservetur
542 2760 663 2841 (conf.
682 2769 713 2836 §-
734 2764 843 2852 2¹9³)-

337 3001 340 3008 Ι
385 2929 418 2994 ⁶)
436 2919 608 2980 HALLERr
627 2923 720 2980 Elem:
746 2925 876 3000 physiol.
903 2927 927 2980 1.
950 2923 1320 2999 p.362.'‘⁸(1·§·²⁶·²9·

321 3023 324 3030 '
350 3005 452 3066 iderti:
472 3014 509 3064 de
526 3012 629 3066 nervis
652 3013 754 3068 cordis
779 3015 882 3070 lateris
907 3012 1021 3069 sinistri
1046 3013 1091 3082 (in
1113 3029 1185 3075 nov.
1202 3010 1319 3074 summ.

300 3139 304 3146 .
350 3097 486 3171 Gotting.
504 3100 539 3161 Τ.
555 3100 593 3154 11.
612 3101 667 3160 lio.
689 3107 742 3172 1.).
842 3159 844 3166 ,

303 3247 325 3264 ··
384 3245 439 3316 u)
458 3235 531 3301 ists.
547 3263 578 3320 p.
599 3247 661 3316 ³57·
680 3266 725 3324 sq.
742 3247 772 3324 §-
791 3251 836 3306 ,5.

382 3392 415 3477 e)
435 3387 503 3444 Cer.
532 3389 610 3453 Sam,
641 3392 847 3450 Anuuflscu
860 3413 868 3448 t
888 3395 1085 3468 fragmentum
1111 3379 1325 3468 descriptionis

349 3495 433 3536 nerv.
451 3479 659 3562 cardiacorum
682 3482 778 3538 dextri
799 3485 919 3554 lateris,
940 3485 988 3542 eds
1013 3487 1046 3542 S.
1068 3487 1124 3542 Th.
1147 3474 1323 3540 sithtstt·

351 3557 444 3648 IiING
461 3568 505 3635 (in
523 3567 682 3640 Ludwig
696 3571 801 3644 script.
820 3591 905 3629 uevr.
922 3575 956 3626 T.
977 3574 1020 3641 ⁴11.
1039 3593 1071 3648 p.
1093 3579 1269 3642 113-203.).
1286 3603 1320 3616 -

345 3641 413 3709 ton.
432 3653 505 3710 urs.
531 3655 753 3712 sturiones
776 3656 1039 3734 descriptiones.
1062 3671 1147 3722 serv.
1172 3661 1325 3715 careaco-

346 3751 424 3795 rutn.
438 3741 520 3812 Lips.
538 3741 616 3797 Sect.
634 3743 657 3802 1.
670 3751 863 3814 twa—Ant.
881 3741 1045 3804 sciuri:
1065 3749 1197 3802 Tabulae
1216 3764 1321 3802 neuro-

341 3828 458 3900 logicao
484 3839 541 3882 eto.
567 3831 640 3884 Tali.
668 3833 719 3893 111.
739 3835 788 3889 IV.
815 3839 862 3894 Vl.
891 3839 987 3893 -Jo
1015 3831 1103 3891 Barna
1133 3837 1196 3894 lae.
1236 3834 1323 3888 BER-

342 3917 487 3974 RENDS=
510 3921 586 3976 Dies.
608 3939 666 3995 qua
685 3923 923 3992 demonstratur,
943 3945 995 3983 cor
1010 3927 1110 3985 ner'via
1129 3942 1231 3984 carere
1262 3933 1323 3980 etc·

343 4006 482 4078 Mogunt.
505 4021 581 4078 179².
600 4012 627 4077 !,.
644 4039 678 4050 —
695 4011 795 4066 Usber
818 4011 846 4068 d.
865 4015 955 4072 Norv.
982 4017 1034 4072 der
1055 4019 1198 4072 Hersens
1219 4013 1320 4083 (doure

314 4131 317 4140 ,
342 4093 373 4154 d.
391 4091 524 4149 Erfiudd.
540 4097 562 4150 l.
581 4095 633 4154 St,
645 4098 699 4154 llo.
725 4101 772 4166 6.,
793 4098 857 4160 vu.
874 4103 929 4168 llo,
958 4093 1171 4173 1.‚x111,‘No.
1192 4109 1236 4168 t.,
1255 4095 1316 4152 XV·

342 4180 400 4240 tto.
422 4189 474 4254 2.).
1123 4231 1127 4240 .
