2956 4996
271 439 335 508 eoo
405 418 508 485 rLm.
526 416 554 482 1.
576 417 665 482 car.
691 407 758 480 ΙΙΙ.
778 415 837 480 De
860 428 1183 484 rrsrrnnrrorr.

253 559 523 652 ‘pulmonibus
550 568 813 639 restauretur,
841 568 886 626 ut
916 561 1150 646 organorum
1179 562 1325 629 vitales

272 669 529 756 proprietates
551 665 706 754 reficere
726 665 859 749 possit.
895 665 1027 730 cordis
1056 665 1178 749 igitur
1202 675 1240 730 et
1263 687 1324 731 ar-

272 775 461 841 teriarum
482 769 662 836 incitatio
688 777 726 834 et
745 771 998 835 irritabilitas
1018 773 1117 854 pari·
1136 773 1323 840 incedunt

200 929 222 941 .,
271 877 523 964 proportione
545 893 632 964 cum
655 875 935 956 respiratione,
957 881 1000 938 ut
1020 875 1115 939 adeo
1146 877 1324 940 cohibita
1376 879 1385 894 ⁸

274 983 504 1066 pulmonum
535 974 754 1052 functione,
777 993 1025 1062 quaecunque
1050 978 1171 1042 fuerit
1198 999 1325 1056 causa,

271 1111 336 1155 cor
355 1087 573 1162 subsistere,
584 1087 787 1172 ipsumque
811 1067 1039 1170 sanguinem
1060 1105 1150 1152 mox
1168 1093 1326 1173 stagna·

137 1215 140 1225 ’
194 1231 198 1242 ·
272 1215 315 1258 re
333 1189 543 1268 videamus.

711 1339 712 1342 Ὺ
739 1399 769 1470 s·
790 1403 870 1476 340·

274 1587 671 1692 Respirationie
704 1598 949 1664 influxus
984 1596 1037 1661 in
1070 1601 1322 1667 muscula.

508 1697 1079 1774 remetnerveamvim.

357 1869 676 1936 irritabilitatem
703 1864 965 1928 musculorum
992 1881 1063 1944 per
1079 1866 1322 1947 oxygonium

187 1973 196 1984 ⁴
272 1971 504 2052 restaurari,
516 1967 869 2036 inflammabilibus
885 1983 977 2030 vero
998 1962 1175 2049 deprimi,
1188 1967 1252 2031 Hu
1264 1987 1323 2032 m-

271 2081 297 2144 h
312 2099 333 2142 o
346 2082 360 2141 l
371 2077 394 2140 d
405 2082 420 2139 t
433 2077 446 2139 i
461 2097 483 2139 a
493 2095 519 2139 n
532 2097 584 2140 ae
610 2080 649 2139 et
672 2069 847 2137 'aliorum
871 2070 1080 2135 ostendunt
1106 2063 1321 2138 observati·

272 2202 364 2246 ones
385 2178 439 2262 (f.
461 2181 557 2266 214.)
571 2223 582 2254 ,
594 2184 633 2277 et
650 2175 819 2242 vidimus
842 2169 1013 2258 superius
1034 2172 1094 2258 (ς.
1111 2179 1222 2261 326.)‚
1235 2197 1321 2242 mu.

271 2283 463 2349 scularem
494 2283 577 2345 vim
606 2282 648 2345 in
678 2279 842 2344 diversis
872 2279 1105 2344 animalium
1134 2281 1322 2346 classibus

273 2386 362 2472 pari
383 2407 423 2450 se
456 2386 601 2450 habere
635 2383 790 2448 ratione
823 2401 908 2445 cum
939 2401 1174 2466 organorum
1203 2386 1320 2468 spiri·

270 2496 356 2554 tum
380 2477 603 2554 ducentium
634 2487 884 2572 perfectione.
916 2487 958 2551 Id
987 2488 1114 2571 ipsum
1136 2487 1318 2554 observa·

270 2587 400 2658 turin
432 2591 614 2654 homines
637 2591 797 2671 robusta
825 2587 1053 2666 individua,
1082 2592 1207 2656 torosi
1236 2611 1320 2657 cor·

271 2695 401 2780 poris,
433 2693 612 2758 athletici
639 2691 822 2774 habitus,
853 2693 1010 2758 thorace
1038 2693 1208 2778 gaudent
1235 2714 1319 2759 am·

270 2799 365 2882 plo,
387 2796 644 2880 respiratione
669 2795 795 2860 libera
822 2801 859 2860 et
881 2813 973 2860 voce
995 2791 1091 2860 forti
1121 2795 1173 2882 (50
1191 2801 1318 2886 250.);

270 2903 342 2968 sub
359 2899 648 2966 vehementiore
669 2900 841 2982 corporis
863 2907 973 2984 motu
998 2902 1238 2987 frequentius
1259 2923 1320 2967 re·

271 3006 485 3088 spiramus,
505 3021 579 3089 quo
599 3008 803 3067 consumta
829 2999 1007 3069 carnibus
1031 3005 1206 3070 redditur
1236 3005 1319 3085 vis3

273 3101 401 3174 enimi
424 3110 553 3171 motus
566 3145 577 3181 ,
599 3103 665 3188 qui
688 3104 1085 3171 cumvehementiore
1104 3107 1319 3192 junguntur

272 3213 418 3279 virium
446 3207 724 3272 muscularium
746 3201 987 3284 intensione,
1009 3209 1089 3284 ira,
1113 3210 1320 3291 solatium,

271 3331 381 3397 spes,
404 3309 706 3394 frequentiorem
734 3309 852 3374 simul
878 3318 916 3374 et
936 3313 1209 3396 perfectiorem
1236 3333 1318 3378 susa

274 3415 400 3482 citant
426 3411 745 3502 respirationem,
767 3417 934 3497 suntque
969 3413 1148 3480 homines
1176 3403 1318 3480 ferocis

273 3515 399 3582 animi
422 3509 594 3580 thoracis
613 3512 832 3600 amplioris.
863 3518 1103 3584 Prostratam
1123 3542 1143 3584 e
1162 3539 1318 3586 conver·

274 3641 318 3684 eo
352 3616 529 3682 videmus
565 3620 822 3684 muscularem
850 3622 963 3700 vim,
991 3622 1060 3686 uhi
1085 3623 1318 3705 pulmonum

271 3721 423 3788 functio
444 3737 511 3802 per
533 3740 664 3786 causas
687 3726 863 3788 externas
884 3717 946 3786 vel
970 3725 1143 3788 internas
1156 3724 1319 3788 restrin-

271 3825 400 3910 gitur;
422 3824 638 3910 passiones,
655 3825 758 3890 vires
780 3824 950 3909 corporis
971 3834 1010 3893 et
1040 3829 1165 3893 animi
1187 3827 1317 3912 depri-

271 3935 444 4004 mentes,
466 3931 616 4006 metus,
639 3933 781 4004 terror,
800 3951 970 4008 moeror,
992 3931 1235 4006 sollicitudo,
1256 3952 1317 3996 re-

219 4055 224 4068 ’
270 4031 435 4116 spirium
475 4031 933 4116 cohibent,opprimunt
966 4043 1120 4119 pectus;
1151 4033 1318 4119 denique

269 4135 450 4216 homines
471 4136 626 4220 angusti
647 4140 834 4219 pectoris,
854 4135 960 4204 vocis
992 4140 1130 4206 debilis
1162 4145 1200 4204 et
1229 4157 1317 4222 gre·

270 4244 354 4312 cilis
366 4284 379 4324 ,
400 4265 556 4332 corpore
571 4242 824 4329 potissimum
847 4252 886 4312 ot
904 4247 1037 4314 animo
1061 4251 1152 4314 sunt
1182 4239 1317 4313 debili·
