2922 4996
186 393 298 494 secr,
309 385 356 454 11.
367 381 427 452 Dc
442 343 561 444 curci
576 385 755 442 aornar·
776 372 840 442 111.
860 384 1074 442 renorma.
1119 381 1179 454 147
1261 443 1273 467 Ι

133 541 373 607 neustrios
410 525 616 592 manifeste
644 519 834 592 ostendit,
863 521 968 586 vitae
1001 541 1175 586 momen·

133 649 223 707 tum
254 657 276 700 a
307 621 550 718 pauci-eslico
581 627 743 690 humore
785 623 947 688 minime
985 625 1174 710 pendere,

133 741 326 830 si‘quidem
340 755 449 800 canes
470 730 682 813 exstirpata
701 726 1075 810 majoretpancraatis
1088 751 1176 814 por-

133 847 268 916 tione,
290 833 351 902 vel
372 835 493 918 ligato
520 837 587 896 aut
610 833 753 894 resecto
775 830 916 908 ductu,
936 831 1033 898 bena
1052 831 1176 918 dlgea.

136 949 286 1019 serint,
305 942 389 1012 ,imo
419 939 533 1000 aucta
560 927 636 997 cibi
664 931 911 1014 appetentia,
932 935 1078 1018 optime
1106 949 1177 1000 nu·

135 1051 228 1120 triti
248 1045 396 1112 fuerint
421 1043 478 1128 a),
501 1039 593 1103 Cum
613 1035 790 1100 collectus
813 1037 1095 1120 epencreatico
1117 1055 1179 1104 ca·

140 1157 203 1222 nis
231 1151 346 1214 ductu
366 1141 506 1210 hu'mor
531 1138 780 1221 inspissatur,
801 1139 1002 1226 crystallus
1022 1143 1181 1230 deponit

141 1255 236 1322 salis
259 1247 443 1314 culinaria
464 1249 502 1308 et
526 1257 721 1305 mucosam
750 1241 977 1320 materiem,
997 1257 1096 1332 aqua
1115 1267 1180 1330 pa.

141 1373 230 1424 rum
254 1347 475 1417 solubilem.
506 1339 666 1410 Videtur
697 1337 829 1428 ltaque·
851 1337 976 1412 minus
1004 1341 1048 1413 de
1069 1347 1182 1416 elbu-

139 1462 248 1529 mine
270 1462 308 1520 et
326 1454 411 1538 plus
434 1447 670 1534 de'gelatine
694 1441 889 1514 continere
907 1463 1020 1536 quam
1045 1449 1184 1520 saliva.

148 1559 359 1634 Manifesta
382 1553 536 1620 acidam
568 1549 739 1616 indolem
766 1545 858 1616 licet
887 1565 965 1616 non
987 1554 1125 1638 prodat
1151 1557 1185 1622 is

144 1669 315 1736 humor,
344 1655 525 1745 exygenii
566 1651 848 1719 abundantiam
885 1672 954 1738 per
983 1655 1023 1720 id
1054 1661 1188 1724 tamen

122 1809 129 1818 ·
147 1763 347 1839 ostendit,
373 1756 475 1846 quod
506 1761 605 1822 teste
637 1758 667 1820 A
680 1775 703 1818 u
714 1759 731 1820 t
744 1775 763 1820 e
775 1775 800 1819 n
815 1771 834 1818 r
848 1754 919 1820 iat
931 1755 958 1820 h
969 1755 1016 1822 io
1053 1753 1186 1824 irrita·

147 1886 234 1942 tum
248 1883 429 1954 pencreas
449 1863 639 1950 liquorem
657 1865 827 1925 secernat
850 1861 1056 1942 acidulum,
1068 1861 1190 1932 etlam

149 1981 211 2044 lec
231 1985 508 2058 nonnunquam
528 1967 796 2054 coagulantem
816 1964 877 2054 b).

232 2119 353 2202 cepio
369 2115 449 2200 sius
462 2103 590 2180 laticis
609 2105 860 2176 determinari
871 2103 1082 2184 difficulter
1101 2127 1189 2204 pot.

145 2231 237 2306 est3
267 2220 422 2304 collegit
459 2217 597 2282 Gener
626 2211 828 2286 drachmas
862 2233 925 2280 sex
958 2213 1062 2284 intra
1101 2229 1187 2290 octo

148 2323 267 2396 horas
288 2325 329 2388 in
348 2340 463 2399 cane,
484 2321 556 2386 alii
572 2339 661 2384 vero
678 2319 776 2402 plus.
799 2317 838 2382 si
862 2339 952 2384 vero
978 2343 1022 2386 ea
1042 2326 1193 2410 experi-

44 2517 48 2524 .
151 2433 286 2498 menta
302 2421 352 2490 ad
368 2421 565 2488 hominem
585 2421 818 2498 transieras,
831 2417 945 2506 idque
965 2425 1196 2510 consideres,

150 2533 256 2620 quod
286 2547 470 2614 pancreaa
498 2544 628 2590 omnes
652 2524 834 2590 salivales
859 2523 1062 2608 glandulas
1093 2533 1196 2596 mole

149 2639 212 2707 bis
236 2640 275 2700 et
295 2633 462 2718 amplius
483 2636 663 2714 superet,
686 2629 878 2712 insignem
907 2649 987 2696 osse
1013 2633 1112 2700 hanc
1137 2657 1196 2700 se·

153 2735 391 2814 cretionem,
413 2753 553 2800 novem
573 2734 652 2798 fere
683 2733 816 2796 uncias
839 2742 881 2810 al,
901 2731 1087 2800 horarum
1107 2757 1195 2820 spa·

150 2845 211 2912 tio
241 2835 502 2922 efficientem,
533 2836 727 2918 intelliges
759 2835 815 2920 c).
856 2837 1045 2902 Continuo
1078 2841 1197 2906 etiam

153 2949 287 3032 vigere
316 2961 402 3006 eam
430 2941 682 3006 secretionem
710 2934 884 3024 dubitari
919 2939 1073 3024 usquin
1105 2944 1199 3027 quia

152 3068 245 3116 vero
268 3063 423 3110 mucosa
441 3041 619 3108 intestini
640 3041 773 3104 tunica
804 3039 846 3104 in
870 3043 1085 3124 pancreatis
1108 3047 1198 3114 sul)-

154 3150 344 3220 stentiam
375 3165 443 3230 per
476 3143 635 3209 ductum
666 3148 931 3208 excernentem
973 3145 1200 3228 producitur

156 3256 210 3339 (ς.
235 3265 306 3318 leo.
326 3267 364 3314 n.
385 3250 456 3332 5.)‚
477 3245 637 3330 tumque
660 3255 752 3308 vasa
775 3241 813 3308 e't
831 3235 942 3310 nervi
965 3237 1004 3309 id
1028 3265 1200 3336 organon

155 3379 247 3427 cum
266 3356 362 3422 tubo
396 3349 645 3418 alimentario
674 3349 715 3414 in
738 3350 961 3434 organicum
984 3349 1132 3436 ponent
1164 3355 1203 3420 et

30 3449 32 3454 ⁵
158 3457 412 3548 dynamicum
432 3467 572 3532 nexum
598 3451 643 3538 (§.
667 3451 778 3537 2980,
801 3445 962 3517 secretio
986 3449 1088 3521 succi
1106 3475 1218 3549 pen-¹

160 3560 322 3631 creatici
360 3576 402 3621 eo
434 3565 626 3640 tempore,
657 3573 731 3640 quo
771 3553 987 3618 duodenum
1016 3571 1083 3640 per
1113 3553 1205 3644 chy.
1337 3619 1339 3628 y

157 3683 268 3732 mum
293 3667 331 3726 et
350 3660 470 3726 bilem
491 3656 937 3735 stimulatur,conoitari
960 3657 1082 3735 debet.
1103 3657 1206 3742 'Quia

131 3749 360 3852 'praeterea
379 3759 541 3826 secretio
560 3757 712 3835 eadem,
734 3766 777 3822 ut
799 3777 930 3824 omnes
958 3759 1097 3826 vitales
1117 3762 1206 3827 fun·
1260 3748 1271 3828 ζ
1329 3776 1337 3789 ·

159 3867 334 3942 ctiones,
359 3883 427 3950 per
454 3853 771 3948 biodynamicam
804 3862 952 3943 regitur
983 3859 1204 3946 energiam,

158 3969 338 4038 humoris
367 3965 446 4050 ejus
480 3965 679 4052 quantitas
711 3962 749 4028 et
778 3955 946 4048 qualitas
975 3974 1042 4044 per
1072 3983 1206 4030 causas
1277 3975 1280 3980 '

159 4072 321 4148 varias,
341 4071 383 4136 in
413 4069 658 4154 gengllorum
678 4071 858 4152 systema
881 4066 1068 4149 peculiari
1090 4067 1205 4134 modo

160 4180 351 4260 agentes,
371 4167 517 4238 mutari
537 4169 689 4236 debent.
721 4166 812 4232 Inde
836 4167 956 4230 etiam
978 4167 1100 4250 repeti
1119 4177 1206 4252 pot.

162 4283 220 4344 est
235 4272 318 4342 ira'e
340 4273 380 4342 et
400 4264 558 4348 terroris
589 4263 747 4338 effectus
759 4315 771 4356 ,
794 4287 869 4365 quo
891 4259 1119 4364 diarrhoea,
1137 4273 1210 4343 ell·
1336 4345 1341 4354 ,

959 4365 1033 4438 lla
