2922 4996
274 367 334 443 164
358 356 460 430 'Ina
473 359 502 428 1.
516 359 606 426 car.
625 357 670 430 11.
690 359 749 426 Da
767 371 971 439 sciurus.
984 375 1246 436 crcusrroruc.

270 511 420 586 losum,
441 508 636 578 evulnsrs
657 505 841 584 animalis
870 505 952 571 vivi
978 487 1223 594 prolapsum,
1244 514 1321 580 sti-

266 615 374 682 mulo
404 611 630 678 mechanico
665 615 732 674 aut
761 609 934 676 chemico
968 615 1192 699 lacessitur,
1225 640 1326 684 con..

267 717 409 812 tractio
431 715 645 780 manifesta
664 712 861 798 sequitur,
884 721 1015 804 estque
1037 741 1082 784 ea
1105 725 1324 788 contracti-1

266 822 317 888 lis
338 824 396 887 vis
416 827 529 886 tanta
541 864 552 899 ,
573 824 619 882 ut
638 816 870 882 intestinum
889 818 1089 886 irritatum
1110 822 1181 888 filo
1201 825 1318 910 quasi

267 927 515 992 constrictum
547 928 753 1006 appareat,
776 921 976 1008 omnisque
1007 927 1156 993 cavitas
1181 929 1314 1012 dispa-

263 1043 348 1100 reat
378 1032 447 1116 ⁸⁴).
479 1031 546 1095 Est
573 1033 704 1092 autem
735 1023 986 1090 irritabilitas
1017 1028 1199 1095 intestini
1228 1038 1314 1098 tam

264 1136 475 1209 durabilis,
495 1121 540 1198 ut
570 1149 592 1196 a
622 1133 769 1205 morte,
800 1127 935 1192 donec.
952 1129 1072 1213 adeps
1099 1135 1312 1216 consistat,

262 1262 407 1328 perque
427 1240 556 1322 plures
581 1233 703 1300 stiam
724 1232 862 1332 liores,
885 1234 1063 1322 supersit.
1095 1236 1311 1320 Reperiun-

262 1354 327 1412 tur
358 1345 477 1410 etiam
500 1341 543 1404 in
573 1333 855 1409 cadaveribus,
878 1334 958 1423 acri
983 1339 1218 1421 praeprimis
1246 1363 1312 1404 ve-

260 1472 360 1518 neno
383 1449 662 1513 exstinctorum
674 1482 685 1518 ,
705 1441 793 1505 tubi
813 1439 1054 1506 alimentarii
1079 1447 1309 1524 stricturae,

260 1556 322 1619 vel
341 1555 445 1618 totus
462 1547 579 1634 ,plane
600 1540 779 1609 intestini
800 1541 949 1606 canalis
980 1541 1211 1628 angustatus·
1239 1569 1313 1635 ap·

260 1661 374 1746 paret
394 1655 452 1742 a).

344 1815 562 1902 opponitur
593 1808 729 1876 vitalis
749 1807 846 1872 haec
875 1808 1158 1875 contractilites
1171 1899 1173 1904 Δ
1186 1829 1308 1875 mam·

141 1977 144 1985 -
260 1929 507 1997 brunnum,
539 1918 678 1984 tubum
724 1911 1021 1977 alimentarium
1072 1933 1307 1998 componen.

257 2032 383 2102 tium,
407 2017 646 2097 ductilitati3
666 2033 752 2080 cum
771 2000 891 2098 igitur
912 2019 1095 2080 contenta
1115 2017 1307 2096 intestini,

147 2126 173 2220 J
259 2113 363 2197 a'e‘res
386 2125 590 2212 praecipue
624 2117 793 2192 evoluti,
815 2121 959 2180 ceteras
980 2115 1217 2199 protendunt
1240 2123 1304 2182 tu-

258 2233 385 2312 nicas,
409 2231 532 2296 fibrae
552 2225 787 2290 musculares
813 2219 1039 2283 mechanica
1067 2209 1305 2286 suscitantur

258 2335 504 2406 irritatione,
536 2325 845 2396 contrahuntur,
868 2328 1095 2386 conservant
1126 2323 1304 2388 debitum

256 2446 345 2512 tubi
369 2435 606 2508 intestinalis
626 2433 759 2497 lumen
770 2470 782 2505 ‚
800 2434 839 2494 et
858 2433 1093 2512 promovent
1109 2436 1304 2496 contento.

258 2549 350 2618 Inde
390 2563 479 2630 ergo
512 2545 594 2617 est,
625 2533 729 2623 quod
757 2553 824 2609 ea,
855 2553 952 2617 quae
986 2533 1306 2600 irritabilitatam

255 2653 460 2720 minuunt,
479 2661 580 2728 aqua
601 2636 728 2702 calida
744 2637 804 2720 (ς.
830 2648 904 2712 cuo.
921 2636 953 2719 ),
966 2636 1111 2720 ,opium
1138 2642 1176 2700 st
1197 2637 1279 2702 alia
1289 2679 1304 2715 ,

255 2746 633 2820 inflammabilibus,
662 2739 847 2804 musculis
887 2737 1060 2803 inimicis
1091 2737 1151 2821 (ς.
1187 2757 1241 2822 93.
1269 2747 1302 2816 ς.

255 2871 329 2936 214.
361 2876 399 2920 n.
422 2850 487 2938 .3.)
526 2842 790 2918 abundantia,
821 2841 937 2906 flatus
969 2841 1142 2919 faciant,
1176 2843 1303 2927 frigus

254 2980 346 3027 varo
373 2943 566 3044 gelidum,
584 2947 767 3033 clysteres
786 2948 894 3007 aceto
920 2942 1030 3007 misti
1049 2948 1120 3007 etc.
1146 2951 1306 3030 tympa-

257 3063 426 3132 niticum
445 3075 558 3140 saepe
578 3052 753 3116 relevent
772 3046 966 3114 abdomen
983 3047 1046 3135 h).
1132 3067 1137 3078 ’

221 3303 226 3316 ‚
271 3213 276 3220 ⁶
340 3233 508 3318 chymus
527 3237 616 3308 ergo
635 3219 677 3284 in
694 3215 832 3282 tubum
851 3213 1119 3280 intestinalem
1138 3212 1304 3292 delatus,

256 3332 482 3406 mechanico
503 3343 573 3390 suo
601 3327 639 3386 et
664 3319 834 3385 chemino
856 3317 1017 3382 stimulo
1036 3316 1153 3382 fibras
1174 3319 1302 3402 longi·
1379 3395 1383 3410 ι

258 3435 455 3508 tudinales
478 3433 515 3492 'at
537 3423 741 3491 circulares
770 3417 951 3483 intestini
982 3419 1111 3483 tenuis
1144 3419 1300 3498 irritat,

260 3563 356 3632 quae
376 3538 466 3604 dein
484 3529 701 3599 contractae
723 3523 958 3607 peculiarem
977 3511 1127 3606 ponunt
1149 3525 1192 3589 in
1214 3527 1299 3607 pla·

258 3649 318 3735 gis
346 3628 514 3709 irritatis
554 3626 842 3726 agitationem,
872 3625 941 3689 sub
980 3624 1138 3690 nomine
1168 3629 1300 3710 pori.

258 3739 476 3818 staltioi
506 3737 672 3800 motus
705 3728 850 3794 dudum
888 3732 1036 3792 notam.
1073 3729 1138 3793 Est
1166 3735 1299 3796 autem

255 3855 330 3921 ists
352 3851 481 3914 motus
502 3839 545 3902 in
564 3831 735 3909 homine,
747 3832 863 3917 inque
886 3831 1064 3894 omnibus
1085 3831 1310 3898 bestiarumv

257 3953 442 4024 classibus
463 3940 580 4008 toties
603 3935 851 4016 observatus,
871 3928 915 3999 ut
945 3935 1061 4000 hodie
1079 3955 1193 4000 nemo
1214 3957 1299 4000 am-

257 4063 361 4148 plius
390 4045 567 4118 dubitet,
588 4040 820 4106 intestinum
848 4042 983 4113 tenue,
1010 4058 1205 4124 quousque
1236 4040 1299 4103 vi·

260 4163 394 4232 talitas
425 4148 533 4214 adest
555 4189 566 4223 ,
588 4146 731 4210 vermis
762 4142 970 4222 adinstar,
1002 4142 1101 4206 alias
1132 4143 1297 4222 fortius,

260 4273 302 4334 ot
323 4253 487 4325 debilius
512 4246 608 4316 alias
620 4285 632 4323 ,
653 4247 782 4332 quiete
801 4243 930 4324 getiam
954 4263 1067 4329 saepe
1090 4246 1300 4331 interposi·
