2898 4992
280 345 354 420 „498
396 336 483 402 trs.
505 333 534 400 l.
556 335 644 398 cer.
663 330 1023 399 unanimous
1052 349 1236 406 onasum

289 478 475 542 flexerum
499 481 537 540 et
566 474 779 540 divisorum
802 472 1018 557 parietibus
1050 463 1184 558 allidi,
1203 485 1237 542 et
1256 497 1316 562 per

289 582 500 646 adfrictum
520 580 622 645 hunc
644 579 870 645 sensibilem
901 580 1041 664 jugiter
1073 584 1197 648 evolvi
1223 587 1313 648 calo·

289 703 383 752 rem.
406 685 650 772 Hypothesin
669 685 770 748 hanc
791 683 919 768 plures
935 692 1023 769 post
1042 688 1100 751 111.
1119 689 1313 752 Baianas-

290 801 343 852 νη
382 787 616 869 adoptarunt
659 787 739 854 viri
771 787 1045 870 celeberrimi,
1085 791 1315 877 sequentibus

288 889 495 982 praecipue
520 890 674 954 inducti
703 891 942 973 argumentis
969 891 1026 978 c).
1059 893 1184 958 Tanto
1206 893 1318 972 majo·

287 1011 370 1080 rem
396 1007 475 1057 esse
496 993 667 1074 partium
696 991 1039 1080 temperiemque
1068 996 1211 1080 majore
1237 991 1315 1061 sanss

288 1095 419 1179 guinis
441 1093 551 1178 copia
571 1089 836 1174 inundantur,
853 1103 891 1160 et
907 1098 1102 1182 supprimi
1118 1117 1244 1164 aarum
1265 1118 1317 1162 ea-

290 1198 445 1274 torem,
475 1197 623 1262 arteria
653 1217 901 1280 compressa,
935 1183 1091 1266 vinculo
1120 1199 1314 1266 constricte

289 1311 356 1369 aut
375 1308 623 1383 resecta‚nec
641 1301 747 1388 prius
766 1301 892 1368 redire
912 1324 1027 1390 quam
1046 1307 1222 1372 restituto
1242 1325 1320 1370 sen·

286 1405 415 1490 guinis
436 1413 589 1485 meetu3
611 1407 779 1472 calorem
807 1408 979 1492 corporis
1002 1431 1047 1474 ea
1079 1408 1316 1496 proportione

288 1511 421 1593 augeri
442 1517 510 1574 aut
530 1507 678 1585 minui,
693 1529 767 1595 qua
791 1507 913 1576 cordis
937 1515 974 1576 at
993 1513 1223 1578 arteriarum
1242 1507 1319 1596 pul·

287 1631 351 1678 sus
372 1609 590 1674 intensione
610 1616 647 1674 et
666 1631 827 1680 numero
849 1619 1006 1694 augetur
1026 1619 1094 1677 aut
1117 1613 1316 1692 minuitur;

286 1711 440 1780 intendi
462 1714 581 1778 etiarn
603 1735 627 1778 a
648 1715 818 1798 corporis
846 1714 955 1780 motu
967 1759 980 1794 ,
1007 1737 1050 1779 eo
1072 1715 1226 1802 quidem
1246 1733 1318 1778 ma·

286 1819 370 1904 gis,
393 1833 467 1902 quo
488 1812 663 1898 partibus
684 1815 818 1880 solidis
840 1819 965 1903 majus
990 1825 1048 1883 est
1068 1821 1209 1897 robur,
1227 1813 1318 1882 unde

288 1927 327 1986 et
345 1919 424 1984 viri
451 1916 655 1984 calidiores
684 1923 774 1982 sunt
795 1919 972 1998 feminis;
990 1921 1210 2004 plathoram
1240 1937 1317 1983 cum

289 2021 430 2086 altiore
461 2017 630 2101 corporis
662 2020 850 2103 temperie
888 2021 1091 2107 conjungi,
1122 2043 1236 2107 eaque
1265 2041 1317 2086 ra·

287 2124 395 2192 tione
424 2121 590 2186 calorem
621 2119 805 2200 deficere,
838 2141 914 2212 qua
937 2121 1072 2190 vitalis
1105 2121 1319 2212 deperditur

214 2237 218 2244 '
289 2225 445 2306 humor.
530 2233 540 2242 “

373 2369 491 2434 Verae
523 2367 677 2455 quidem
696 2371 786 2438 sunt
809 2367 994 2438 adductae
1018 2367 1318 2450 observationes,

288 2471 454 2550 ‘minime
479 2478 610 2540 tamen
642 2475 908 2538 mechanicum
937 2473 1204 2540 demonstrant
1231 2471 1321 2537 calo-

290 2577 351 2642 ris
372 2581 523 2652 ortum,
543 2597 611 2642 nec
636 2595 787 2660 semper
809 2577 867 2642 ita
895 2597 934 2642 se
960 2577 1107 2642 hebent
1139 2597 1185 2640 ea
1215 2574 1321 2658 phar·

286 2699 468 2753 nomena.
491 2683 641 2750 Etenim
654 2679 805 2766 globuli
825 2679 1025 2764 sanguinis
1044 2687 1128 2745 tam
1146 2683 1233 2744 sunt
1253 2674 1321 2739 exi·

278 2785 378 2868 gui,
394 2790 438 2849 ut
459 2803 538 2848 nec-
557 2781 609 2849 ad·
635 2777 804 2850 invicem
827 2785 995 2862 conteri,
1013 2805 1082 2850 nec
1111 2805 1199 2850 cum
1221 2798 1320 2846 vase·

290 2907 377 2956 rum
400 2888 614 2972 parietibus
644 2889 850 2954 confricari
881 2889 1041 2972 possint·
1072 2891 1231 2954 Constat
1258 2880 1318 2946 ob·

230 2989 234 3000 ’
293 2992 534 3070 servatione,
552 2991 704 3054 nullum
733 3012 810 3079 esse
829 2993 1057 3065 humorem,
1078 2989 1146 3076 qui
1168 2981 1320 3071 rapidis·

287 3095 388 3166 simo
411 3113 521 3161 cursu
540 3113 609 3180 per
629 3093 763 3160 firmos
783 3094 906 3160 fluens
927 3093 1077 3158 canales
1104 3091 1321 3165 incalescat,

291 3194 357 3270 id,
380 3187 480 3280 quod
497 3193 808 3282 aquaenivales,
827 3213 1015 3264 asumma
1035 3191 1242 3286 altitudine
1262 3184 1320 3248 do·

292 3298 466 3362 labentes
477 3338 488 3376 ,
510 3318 554 3362 ac
569 3297 743 3380 protinus
767 3299 1072 3383 congelascentes
1083 3335 1096 3372 ‚
1110 3289 1320 3360 ostendunt.

292 3401 491 3469 Animalia
526 3399 701 3486 frigida,
731 3419 892 3489 quorum
936 3399 1087 3485 globuli
1128 3385 1320 3482 sanguinei

292 3502 453 3580 maioris
483 3509 574 3568 aunt
599 3489 729 3568 molis*
745 3501 806 3590 (ς.
833 3503 1223 3594 109.)‚nequa‹1uem
1250 3500 1319 3560 tar·

293 3606 441 3672 dieram
469 3608 616 3673 habent
643 3611 819 3692 pulsums
850 3629 967 3676 ranae
996 3605 1101 3672 enim
1135 3623 1200 3668 cor
1227 3600 1322 3664 intra

288 3707 488 3772 minutum
510 3707 680 3791 primum
708 3713 750 3782 68
769 3709 917 3776 vicibus
949 3709 1089 3786 micat,
1109 3711 1148 3770 et
1173 3705 1322 3786 augetur

291 3810 373 3894 ejus
393 3809 525 3892 pulsus
544 3817 631 3891 post
652 3809 915 3876 irritationem
937 3809 985 3874 ad
1008 3827 1184 3893 95-1003
1202 3805 1242 3868 in
1260 3799 1322 3864 bo·

292 3937 337 3980 ve
359 3923 487 3979 autem
506 3915 648 3977 febrim
671 3914 801 3980 adesse
821 3913 1101 3992 statuunt,ubi
1118 3920 1245 3992 35-40
1268 3917 1321 3964 ar·

291 4021 481 4085 tertarum
502 4021 754 4080 numerantur
775 4017 906 4098 pulsus
931 4013 990 4099 d).
1013 4015 1086 4078 Nec
1114 4011 1156 4075 in
1177 4004 1322 4074 homine

294 4121 433 4185 caloris
454 4116 590 4202 gradus
611 4117 787 4198 pulsuum
821 4115 1026 4200 respondet
1046 4129 1231 4186 numam
1248 4121 1322 4168 mv·

295 4209 661 4298 lestis'simus'enim
691 4216 734 4286 in
771 4216 943 4286 febribus
983 4213 1156 4283 diuersae
1192 4198 1323 4276 indol'u
