<?xml version="1.0" encoding="UTF-8"?>
<!DOCTYPE html PUBLIC "-//W3C//DTD XHTML 1.0 Transitional//EN"
    "http://www.w3.org/TR/xhtml1/DTD/xhtml1-transitional.dtd">
<html xmlns="http://www.w3.org/1999/xhtml" xml:lang="en" lang="en">
 <head>
  <title>
</title>
<meta http-equiv="Content-Type" content="text/html;charset=utf-8" />
  <meta name='ocr-system' content='tesseract 3.04.00' />
  <meta name='ocr-capabilities' content='ocr_page ocr_carea ocr_par ocr_line ocrx_word'/>
</head>
<body>
  <div class='ocr_page' id='page_1' title='image "./physiologiamedi03lenhgoog_0274.png"; bbox 0 0 2956 4996; ppageno 0'>
   <div class='ocr_carea' id='block_1_1' title="bbox 217 435 1211 523">
    <p class='ocr_par' dir='ltr' id='par_1_1' title="bbox 217 435 1211 523">
     <span class='ocr_line' id='line_1_1' title="bbox 217 435 1211 523; baseline 0.004 -21"><span class='ocrx_word' id='word_1_1' title='bbox 217 435 675 503; x_wconf 80' lang='lat' dir='ltr'><strong>saer.111.ns·easmeo</strong></span> <span class='ocrx_word' id='word_1_2' title='bbox 696 447 907 500; x_wconf 72' lang='lat' dir='ltr'><strong>assamur.</strong></span> <span class='ocrx_word' id='word_1_3' title='bbox 927 449 1105 504; x_wconf 74' lang='lat' dir='ltr'><strong>assuero.</strong></span> <span class='ocrx_word' id='word_1_4' title='bbox 1148 453 1211 523; x_wconf 76' lang='lat'><strong>279</strong></span> 
     </span>
    </p>
   </div>
   <div class='ocr_carea' id='block_1_2' title="bbox 171 575 1215 1496">
    <p class='ocr_par' dir='ltr' id='par_1_2' title="bbox 171 575 1215 1496">
     <span class='ocr_line' id='line_1_2' title="bbox 171 575 1210 659; baseline 0.002 -15"><span class='ocrx_word' id='word_1_5' title='bbox 171 578 335 644; x_wconf 85' lang='lat' dir='ltr'><strong>vitalem</strong></span> <span class='ocrx_word' id='word_1_6' title='bbox 357 577 560 642; x_wconf 83' lang='lat' dir='ltr'><strong>humorem</strong></span> <span class='ocrx_word' id='word_1_7' title='bbox 579 594 645 658; x_wconf 88' lang='lat' dir='ltr'><strong>per</strong></span> <span class='ocrx_word' id='word_1_8' title='bbox 671 575 965 659; x_wconf 77' lang='lat' dir='ltr'><strong>respirationem</strong></span> <span class='ocrx_word' id='word_1_9' title='bbox 995 583 1210 646; x_wconf 87' lang='lat' dir='ltr'><strong>momento·</strong></span> 
     </span>
     <span class='ocr_line' id='line_1_3' title="bbox 174 679 1210 764; baseline 0.002 -18"><span class='ocrx_word' id='word_1_10' title='bbox 174 701 235 746; x_wconf 85' lang='lat' dir='ltr'><strong>sas</strong></span> <span class='ocrx_word' id='word_1_11' title='bbox 267 681 395 745; x_wconf 88' lang='lat' dir='ltr'><strong>subire</strong></span> <span class='ocrx_word' id='word_1_12' title='bbox 423 679 659 742; x_wconf 75' lang='lat' dir='ltr'><strong>mutationes</strong></span> <span class='ocrx_word' id='word_1_13' title='bbox 691 679 744 764; x_wconf 76' lang='lat'><strong>&#39;).</strong></span> <span class='ocrx_word' id='word_1_14' title='bbox 775 682 934 744; x_wconf 87' lang='lat' dir='ltr'><strong>Invento</strong></span> <span class='ocrx_word' id='word_1_15' title='bbox 963 687 1092 746; x_wconf 87' lang='lat' dir='ltr'><strong>autem</strong></span> <span class='ocrx_word' id='word_1_16' title='bbox 1122 703 1210 748; x_wconf 87' lang='lat' dir='ltr'><strong>sen-</strong></span> 
     </span>
     <span class='ocr_line' id='line_1_4' title="bbox 174 781 1210 870; baseline 0.002 -22"><span class='ocrx_word' id='word_1_17' title='bbox 174 785 301 870; x_wconf 87' lang='lat' dir='ltr'><strong>guinis</strong></span> <span class='ocrx_word' id='word_1_18' title='bbox 322 800 412 848; x_wconf 87' lang='lat' dir='ltr'><strong>vero</strong></span> <span class='ocrx_word' id='word_1_19' title='bbox 440 781 624 856; x_wconf 82' lang='lat' dir='ltr'><strong>circuitu,</strong></span> <span class='ocrx_word' id='word_1_20' title='bbox 649 798 765 866; x_wconf 83' lang='lat' dir='ltr'><strong>eoque</strong></span> <span class='ocrx_word' id='word_1_21' title='bbox 788 783 966 866; x_wconf 87' lang='lat' dir='ltr'><strong>cognito,</strong></span> <span class='ocrx_word' id='word_1_22' title='bbox 985 785 1087 869; x_wconf 88' lang='lat' dir='ltr'><strong>quod</strong></span> <span class='ocrx_word' id='word_1_23' title='bbox 1107 784 1210 864; x_wconf 72' lang='lat' dir='ltr'><strong>idam</strong></span> 
     </span>
     <span class='ocr_line' id='line_1_5' title="bbox 172 888 1212 974; baseline 0.001 -19"><span class='ocrx_word' id='word_1_24' title='bbox 172 891 313 956; x_wconf 87' lang='lat' dir='ltr'><strong>humor</strong></span> <span class='ocrx_word' id='word_1_25' title='bbox 335 889 487 972; x_wconf 86' lang='lat' dir='ltr'><strong>singulo</strong></span> <span class='ocrx_word' id='word_1_26' title='bbox 509 891 677 971; x_wconf 82' lang='lat' dir='ltr'><strong>perlecto</strong></span> <span class='ocrx_word' id='word_1_27' title='bbox 698 909 765 972; x_wconf 85' lang='lat' dir='ltr'><strong>per</strong></span> <span class='ocrx_word' id='word_1_28' title='bbox 797 907 931 972; x_wconf 89' lang='lat' dir='ltr'><strong>corpus</strong></span> <span class='ocrx_word' id='word_1_29' title='bbox 959 888 1097 954; x_wconf 90' lang='lat' dir='ltr'><strong>itinere</strong></span> <span class='ocrx_word' id='word_1_30' title='bbox 1125 894 1212 974; x_wconf 90' lang='lat' dir='ltr'><strong>pul·</strong></span> 
     </span>
     <span class='ocr_line' id='line_1_6' title="bbox 174 991 1215 1076; baseline 0.002 -20"><span class='ocrx_word' id='word_1_31' title='bbox 174 1009 305 1056; x_wconf 87' lang='lat' dir='ltr'><strong>mones</strong></span> <span class='ocrx_word' id='word_1_32' title='bbox 327 991 497 1056; x_wconf 86' lang='lat' dir='ltr'><strong>transire</strong></span> <span class='ocrx_word' id='word_1_33' title='bbox 519 991 825 1076; x_wconf 86' lang='lat' dir='ltr'><strong>debeat,opinio</strong></span> <span class='ocrx_word' id='word_1_34' title='bbox 850 1011 895 1054; x_wconf 88' lang='lat' dir='ltr'><strong>ea</strong></span> <span class='ocrx_word' id='word_1_35' title='bbox 913 991 961 1056; x_wconf 87' lang='lat' dir='ltr'><strong>ad</strong></span> <span class='ocrx_word' id='word_1_36' title='bbox 984 993 1127 1056; x_wconf 88' lang='lat' dir='ltr'><strong>evictas</strong></span> <span class='ocrx_word' id='word_1_37' title='bbox 1150 1013 1215 1058; x_wconf 82' lang='lat' dir='ltr'><strong>ve·</strong></span> 
     </span>
     <span class='ocr_line' id='line_1_7' title="bbox 174 1093 1215 1181; baseline 0 -19"><span class='ocrx_word' id='word_1_38' title='bbox 174 1097 310 1162; x_wconf 86' lang='lat' dir='ltr'><strong>ritates</strong></span> <span class='ocrx_word' id='word_1_39' title='bbox 332 1095 454 1158; x_wconf 85' lang='lat' dir='ltr'><strong>relata</strong></span> <span class='ocrx_word' id='word_1_40' title='bbox 474 1095 626 1170; x_wconf 86' lang='lat' dir='ltr'><strong>fuerat,</strong></span> <span class='ocrx_word' id='word_1_41' title='bbox 645 1093 800 1181; x_wconf 86' lang='lat' dir='ltr'><strong>jamque</strong></span> <span class='ocrx_word' id='word_1_42' title='bbox 817 1095 1016 1178; x_wconf 71' lang='lat' dir='ltr'><strong>sanguinis</strong></span> <span class='ocrx_word' id='word_1_43' title='bbox 1035 1095 1215 1163; x_wconf 87' lang='lat' dir='ltr'><strong>arteriosi</strong></span> 
     </span>
     <span class='ocr_line' id='line_1_8' title="bbox 175 1199 1213 1284; baseline 0 -18"><span class='ocrx_word' id='word_1_44' title='bbox 175 1207 213 1266; x_wconf 86' lang='lat' dir='ltr'><strong>et</strong></span> <span class='ocrx_word' id='word_1_45' title='bbox 234 1201 367 1266; x_wconf 89' lang='lat' dir='ltr'><strong>venosi</strong></span> <span class='ocrx_word' id='word_1_46' title='bbox 389 1199 596 1266; x_wconf 75' lang='lat' dir='ltr'><strong>discrimen</strong></span> <span class='ocrx_word' id='word_1_47' title='bbox 615 1219 639 1262; x_wconf 86' lang='lat' dir='ltr'><strong>a</strong></span> <span class='ocrx_word' id='word_1_48' title='bbox 665 1199 846 1283; x_wconf 86' lang='lat' dir='ltr'><strong>plurimis</strong></span> <span class='ocrx_word' id='word_1_49' title='bbox 879 1199 1057 1284; x_wconf 87' lang='lat' dir='ltr'><strong>agnitum</strong></span> <span class='ocrx_word' id='word_1_50' title='bbox 1083 1201 1213 1266; x_wconf 81' lang='lat' dir='ltr'><strong>luerat</strong></span> 
     </span>
     <span class='ocr_line' id='line_1_9' title="bbox 172 1295 1213 1388; baseline 0 -21"><span class='ocrx_word' id='word_1_51' title='bbox 172 1299 423 1388; x_wconf 84' lang='lat' dir='ltr'><strong>physiologis.</strong></span> <span class='ocrx_word' id='word_1_52' title='bbox 464 1295 608 1366; x_wconf 81' lang='lat' dir='ltr'><strong>Varias&#39;</strong></span> <span class='ocrx_word' id='word_1_53' title='bbox 628 1305 756 1366; x_wconf 90' lang='lat' dir='ltr'><strong>autem</strong></span> <span class='ocrx_word' id='word_1_54' title='bbox 789 1307 873 1366; x_wconf 91' lang='lat' dir='ltr'><strong>tum</strong></span> <span class='ocrx_word' id='word_1_55' title='bbox 901 1301 1107 1384; x_wconf 86' lang='lat' dir='ltr'><strong>viguerunt</strong></span> <span class='ocrx_word' id='word_1_56' title='bbox 1139 1303 1213 1388; x_wconf 87' lang='lat' dir='ltr'><strong>hy·</strong></span> 
     </span>
     <span class='ocr_line' id='line_1_10' title="bbox 175 1403 1213 1496; baseline 0 -28"><span class='ocrx_word' id='word_1_57' title='bbox 175 1406 360 1488; x_wconf 87' lang='lat' dir='ltr'><strong>potheses.</strong></span> <span class='ocrx_word' id='word_1_58' title='bbox 383 1407 600 1468; x_wconf 87' lang='lat' dir='ltr'><strong>Docuarunt</strong></span> <span class='ocrx_word' id='word_1_59' title='bbox 618 1403 688 1496; x_wconf 74' lang='lat' dir='ltr'><strong>alii</strong></span> <span class='ocrx_word' id='word_1_60' title='bbox 707 1404 934 1486; x_wconf 86' lang='lat' dir='ltr'><strong>sanguinem</strong></span> <span class='ocrx_word' id='word_1_61' title='bbox 953 1404 994 1468; x_wconf 90' lang='lat' dir='ltr'><strong>in</strong></span> <span class='ocrx_word' id='word_1_62' title='bbox 1016 1403 1213 1487; x_wconf 88' lang='lat' dir='ltr'><strong>pulmoni·</strong></span> 
     </span>
    </p>
   </div>
   <div class='ocr_carea' id='block_1_3' title="bbox 62 1508 1211 1590">
    <p class='ocr_par' dir='ltr' id='par_1_3' title="bbox 62 1508 1211 1590">
     <span class='ocr_line' id='line_1_11' title="bbox 62 1508 1211 1590; baseline -0.003 -16"><span class='ocrx_word' id='word_1_63' title='bbox 62 1545 64 1550; x_wconf 95' lang='lat'>·</span> <span class='ocrx_word' id='word_1_64' title='bbox 174 1509 243 1574; x_wconf 85' lang='lat' dir='ltr'><strong>bus</strong></span> <span class='ocrx_word' id='word_1_65' title='bbox 264 1511 480 1586; x_wconf 87' lang='lat' dir='ltr'><strong>attenuari,</strong></span> <span class='ocrx_word' id='word_1_66' title='bbox 505 1509 596 1574; x_wconf 91' lang='lat' dir='ltr'><strong>dum</strong></span> <span class='ocrx_word' id='word_1_67' title='bbox 617 1509 688 1572; x_wconf 88' lang='lat' dir='ltr'><strong>alii</strong></span> <span class='ocrx_word' id='word_1_68' title='bbox 710 1529 796 1572; x_wconf 90' lang='lat' dir='ltr'><strong>eum</strong></span> <span class='ocrx_word' id='word_1_69' title='bbox 818 1509 882 1582; x_wconf 85' lang='lat' dir='ltr'><strong>hic</strong></span> <span class='ocrx_word' id='word_1_70' title='bbox 910 1508 1066 1584; x_wconf 83' lang='lat' dir='ltr'><strong>densari</strong></span> <span class='ocrx_word' id='word_1_71' title='bbox 1096 1514 1211 1590; x_wconf 86' lang='lat' dir='ltr'><strong>puta·</strong></span> 
     </span>
    </p>
   </div>
   <div class='ocr_carea' id='block_1_4' title="bbox 173 1609 1214 2513">
    <p class='ocr_par' dir='ltr' id='par_1_4' title="bbox 173 1609 1214 2513">
     <span class='ocr_line' id='line_1_12' title="bbox 175 1609 1214 1695; baseline 0.001 -22"><span class='ocrx_word' id='word_1_72' title='bbox 175 1616 295 1686; x_wconf 87' lang='lat' dir='ltr'><strong>runt,</strong></span> <span class='ocrx_word' id='word_1_73' title='bbox 326 1613 387 1674; x_wconf 91' lang='lat' dir='ltr'><strong>vel</strong></span> <span class='ocrx_word' id='word_1_74' title='bbox 414 1610 589 1695; x_wconf 90' lang='lat' dir='ltr'><strong>globulos</strong></span> <span class='ocrx_word' id='word_1_75' title='bbox 617 1609 734 1674; x_wconf 78' lang='lat' dir='ltr'><strong>isthic</strong></span> <span class='ocrx_word' id='word_1_76' title='bbox 764 1609 926 1674; x_wconf 77' lang='lat' dir='ltr'><strong>formari</strong></span> <span class='ocrx_word' id='word_1_77' title='bbox 958 1610 1214 1674; x_wconf 77' lang='lat' dir='ltr'><strong>autumabant</strong></span> 
     </span>
     <span class='ocr_line' id='line_1_13' title="bbox 175 1710 1212 1794; baseline 0.002 -20"><span class='ocrx_word' id='word_1_78' title='bbox 175 1711 255 1794; x_wconf 75' lang='lat'><strong>·&#39;);</strong></span> <span class='ocrx_word' id='word_1_79' title='bbox 274 1711 467 1790; x_wconf 74' lang='lat' dir='ltr'><strong>llasvnr,</strong></span> <span class='ocrx_word' id='word_1_80' title='bbox 488 1713 614 1777; x_wconf 68' lang='lat' dir='ltr'><strong>Bonus</strong></span> <span class='ocrx_word' id='word_1_81' title='bbox 626 1755 637 1790; x_wconf 90' lang='lat'><strong><em>,</em></strong></span> <span class='ocrx_word' id='word_1_82' title='bbox 656 1713 787 1776; x_wconf 77' lang='lat' dir='ltr'><strong>Hscas</strong></span> <span class='ocrx_word' id='word_1_83' title='bbox 808 1717 846 1775; x_wconf 86' lang='lat' dir='ltr'><strong>et</strong></span> <span class='ocrx_word' id='word_1_84' title='bbox 866 1711 1027 1776; x_wconf 73' lang='lat' dir='ltr'><strong>Harena</strong></span> <span class='ocrx_word' id='word_1_85' title='bbox 1048 1710 1212 1776; x_wconf 86' lang='lat' dir='ltr'><strong>eundem</strong></span> 
     </span>
     <span class='ocr_line' id='line_1_14' title="bbox 176 1811 1213 1900; baseline 0.004 -24"><span class='ocrx_word' id='word_1_86' title='bbox 176 1811 378 1880; x_wconf 79' lang='lat' dir='ltr'><strong>humorem</strong></span> <span class='ocrx_word' id='word_1_87' title='bbox 400 1817 470 1880; x_wconf 92' lang='lat' dir='ltr'><strong>sub</strong></span> <span class='ocrx_word' id='word_1_88' title='bbox 492 1837 559 1880; x_wconf 92' lang='lat' dir='ltr'><strong>suo</strong></span> <span class='ocrx_word' id='word_1_89' title='bbox 580 1836 647 1900; x_wconf 86' lang='lat' dir='ltr'><strong>per</strong></span> <span class='ocrx_word' id='word_1_90' title='bbox 670 1817 871 1899; x_wconf 90' lang='lat' dir='ltr'><strong>pulmones</strong></span> <span class='ocrx_word' id='word_1_91' title='bbox 892 1815 1062 1880; x_wconf 83' lang='lat' dir='ltr'><strong>transitu</strong></span> <span class='ocrx_word' id='word_1_92' title='bbox 1084 1835 1106 1878; x_wconf 92' lang='lat' dir='ltr'><strong>a</strong></span> <span class='ocrx_word' id='word_1_93' title='bbox 1124 1813 1213 1880; x_wconf 90' lang='lat' dir='ltr'><strong>sub·</strong></span> 
     </span>
     <span class='ocr_line' id='line_1_15' title="bbox 174 1911 1211 2001; baseline 0.002 -24"><span class='ocrx_word' id='word_1_94' title='bbox 174 1911 330 1982; x_wconf 80' lang='lat' dir='ltr'><strong>stantiis</strong></span> <span class='ocrx_word' id='word_1_95' title='bbox 351 1917 500 1984; x_wconf 86' lang='lat' dir='ltr'><strong>nocivis</strong></span> <span class='ocrx_word' id='word_1_96' title='bbox 523 1923 560 1984; x_wconf 90' lang='lat' dir='ltr'><strong>et</strong></span> <span class='ocrx_word' id='word_1_97' title='bbox 580 1915 803 2001; x_wconf 87' lang='lat' dir='ltr'><strong>superfluis,</strong></span> <span class='ocrx_word' id='word_1_98' title='bbox 828 1933 923 2001; x_wconf 89' lang='lat' dir='ltr'><strong>aque</strong></span> <span class='ocrx_word' id='word_1_99' title='bbox 942 1915 1150 2001; x_wconf 88' lang='lat' dir='ltr'><strong>vaporibus</strong></span> <span class='ocrx_word' id='word_1_100' title='bbox 1171 1935 1211 1979; x_wconf 89' lang='lat' dir='ltr'><strong>a·</strong></span> 
     </span>
     <span class='ocr_line' id='line_1_16' title="bbox 176 2016 1209 2104; baseline 0.001 -23"><span class='ocrx_word' id='word_1_101' title='bbox 176 2019 282 2102; x_wconf 83' lang='lat' dir='ltr'><strong>queis</strong></span> <span class='ocrx_word' id='word_1_102' title='bbox 313 2019 471 2086; x_wconf 85' lang='lat' dir='ltr'><strong>liberari</strong></span> <span class='ocrx_word' id='word_1_103' title='bbox 499 2024 797 2104; x_wconf 80' lang='lat' dir='ltr'><strong>praeceperunt3</strong></span> <span class='ocrx_word' id='word_1_104' title='bbox 816 2017 885 2083; x_wconf 90' lang='lat' dir='ltr'><strong>alii</strong></span> <span class='ocrx_word' id='word_1_105' title='bbox 909 2016 1075 2104; x_wconf 90' lang='lat' dir='ltr'><strong>denique</strong></span> <span class='ocrx_word' id='word_1_106' title='bbox 1097 2023 1209 2082; x_wconf 85' lang='lat' dir='ltr'><strong>erant</strong></span> 
     </span>
     <span class='ocr_line' id='line_1_17' title="bbox 174 2119 1214 2210; baseline 0.002 -28"><span class='ocrx_word' id='word_1_107' title='bbox 174 2119 418 2208; x_wconf 86' lang='lat' dir='ltr'><strong>physiologi,</strong></span> <span class='ocrx_word' id='word_1_108' title='bbox 439 2123 515 2210; x_wconf 50' lang='lat' dir='ltr'><strong>qui,</strong></span> <span class='ocrx_word' id='word_1_109' title='bbox 536 2121 800 2200; x_wconf 82' lang='lat' dir='ltr'><strong>crediderunt,</strong></span> <span class='ocrx_word' id='word_1_110' title='bbox 822 2119 1021 2206; x_wconf 74' lang='lat' dir='ltr'><strong>sanguinis</strong></span> <span class='ocrx_word' id='word_1_111' title='bbox 1052 2119 1214 2194; x_wconf 83' lang='lat' dir='ltr'><strong>mutati-</strong></span> 
     </span>
     <span class='ocr_line' id='line_1_18' title="bbox 175 2219 1212 2310; baseline -0.003 -22"><span class='ocrx_word' id='word_1_112' title='bbox 175 2241 265 2288; x_wconf 84' lang='lat' dir='ltr'><strong>ones</strong></span> <span class='ocrx_word' id='word_1_113' title='bbox 285 2242 308 2287; x_wconf 87' lang='lat' dir='ltr'><strong>s</strong></span> <span class='ocrx_word' id='word_1_114' title='bbox 328 2225 440 2290; x_wconf 86' lang='lat' dir='ltr'><strong>certis</strong></span> <span class='ocrx_word' id='word_1_115' title='bbox 463 2221 693 2310; x_wconf 84' lang='lat' dir='ltr'><strong>quibusdem</strong></span> <span class='ocrx_word' id='word_1_116' title='bbox 713 2221 941 2305; x_wconf 83' lang='lat' dir='ltr'><strong>principiis,</strong></span> <span class='ocrx_word' id='word_1_117' title='bbox 966 2223 1014 2286; x_wconf 91' lang='lat' dir='ltr'><strong>ab</strong></span> <span class='ocrx_word' id='word_1_118' title='bbox 1040 2223 1127 2288; x_wconf 69' lang='lat' dir='ltr'><strong>aire</strong></span> <span class='ocrx_word' id='word_1_119' title='bbox 1149 2219 1212 2285; x_wconf 89' lang='lat' dir='ltr'><strong>ad·</strong></span> 
     </span>
     <span class='ocr_line' id='line_1_19' title="bbox 175 2323 1213 2415; baseline -0.003 -23"><span class='ocrx_word' id='word_1_120' title='bbox 175 2327 420 2408; x_wconf 86' lang='lat' dir='ltr'><strong>cedentibus,</strong></span> <span class='ocrx_word' id='word_1_121' title='bbox 447 2325 672 2413; x_wconf 75' lang='lat' dir='ltr'><strong>repetendas</strong></span> <span class='ocrx_word' id='word_1_122' title='bbox 706 2345 804 2399; x_wconf 88' lang='lat' dir='ltr'><strong>esse,</strong></span> <span class='ocrx_word' id='word_1_123' title='bbox 835 2323 1038 2410; x_wconf 86' lang='lat' dir='ltr'><strong>ipsumque</strong></span> <span class='ocrx_word' id='word_1_124' title='bbox 1075 2323 1213 2415; x_wconf 87' lang='lat' dir='ltr'><strong>humo·</strong></span> 
     </span>
     <span class='ocr_line' id='line_1_20' title="bbox 173 2423 1214 2513; baseline -0.005 -19"><span class='ocrx_word' id='word_1_125' title='bbox 173 2449 256 2496; x_wconf 82' lang='lat' dir='ltr'><strong>rem</strong></span> <span class='ocrx_word' id='word_1_126' title='bbox 278 2430 531 2508; x_wconf 85' lang='lat' dir='ltr'><strong>arteriosum,</strong></span> <span class='ocrx_word' id='word_1_127' title='bbox 551 2434 595 2510; x_wconf 80' lang='lat' dir='ltr'><strong>ut</strong></span> <span class='ocrx_word' id='word_1_128' title='bbox 615 2430 798 2513; x_wconf 68' lang='lat' dir='ltr'><strong>oscarus</strong></span> <span class='ocrx_word' id='word_1_129' title='bbox 822 2425 899 2505; x_wconf 83' lang='lat' dir='ltr'><strong>iam</strong></span> <span class='ocrx_word' id='word_1_130' title='bbox 926 2423 1057 2490; x_wconf 86' lang='lat' dir='ltr'><strong>docuit</strong></span> <span class='ocrx_word' id='word_1_131' title='bbox 1079 2426 1124 2512; x_wconf 88' lang='lat' dir='ltr'><strong>a)</strong></span> <span class='ocrx_word' id='word_1_132' title='bbox 1137 2465 1148 2500; x_wconf 88' lang='lat'><strong>,</strong></span> <span class='ocrx_word' id='word_1_133' title='bbox 1170 2423 1214 2490; x_wconf 88' lang='lat' dir='ltr'><strong>iu</strong></span> 
     </span>
    </p>
   </div>
   <div class='ocr_carea' id='block_1_5' title="bbox 173 2523 1211 2618">
    <p class='ocr_par' dir='ltr' id='par_1_5' title="bbox 173 2523 1211 2618">
     <span class='ocr_line' id='line_1_21' title="bbox 173 2523 1211 2618; baseline -0.002 -22"><span class='ocrx_word' id='word_1_134' title='bbox 173 2532 425 2618; x_wconf 86' lang='lat' dir='ltr'><strong>pulmonibus</strong></span> <span class='ocrx_word' id='word_1_135' title='bbox 446 2549 512 2616; x_wconf 83' lang='lat' dir='ltr'><strong>per</strong></span> <span class='ocrx_word' id='word_1_136' title='bbox 533 2529 772 2614; x_wconf 87' lang='lat' dir='ltr'><strong>adspiratum</strong></span> <span class='ocrx_word' id='word_1_137' title='bbox 794 2529 924 2616; x_wconf 74' lang='lat' dir='ltr'><strong>airam</strong></span> <span class='ocrx_word' id='word_1_138' title='bbox 942 2523 1142 2592; x_wconf 85' lang='lat' dir='ltr'><strong>vivificari</strong></span> <span class='ocrx_word' id='word_1_139' title='bbox 1152 2526 1211 2611; x_wconf 85' lang='lat' dir='ltr'><strong>b).</strong></span> 
     </span>
    </p>
   </div>
   <div class='ocr_carea' id='block_1_6' title="bbox 170 2671 1302 4308">
    <p class='ocr_par' dir='ltr' id='par_1_6' title="bbox 170 2671 1302 4308">
     <span class='ocr_line' id='line_1_22' title="bbox 260 2671 1215 2757; baseline -0.004 -17"><span class='ocrx_word' id='word_1_140' title='bbox 260 2673 437 2740; x_wconf 85' lang='lat' dir='ltr'><strong>Ostendit</strong></span> <span class='ocrx_word' id='word_1_141' title='bbox 453 2675 562 2740; x_wconf 81' lang='lat' dir='ltr'><strong>Rich.</strong></span> <span class='ocrx_word' id='word_1_142' title='bbox 581 2673 729 2741; x_wconf 71' lang='lat' dir='ltr'><strong>Lowsn</strong></span> <span class='ocrx_word' id='word_1_143' title='bbox 751 2677 886 2737; x_wconf 87' lang='lat' dir='ltr'><strong>contre</strong></span> <span class='ocrx_word' id='word_1_144' title='bbox 918 2689 1001 2750; x_wconf 87' lang='lat' dir='ltr'><strong>eos,</strong></span> <span class='ocrx_word' id='word_1_145' title='bbox 1023 2671 1089 2757; x_wconf 88' lang='lat' dir='ltr'><strong>qui</strong></span> <span class='ocrx_word' id='word_1_146' title='bbox 1111 2671 1215 2738; x_wconf 89' lang='lat' dir='ltr'><strong>flori·</strong></span> 
     </span>
     <span class='ocr_line' id='line_1_23' title="bbox 175 2770 1214 2862; baseline -0.002 -24"><span class='ocrx_word' id='word_1_147' title='bbox 175 2773 268 2840; x_wconf 89' lang='lat' dir='ltr'><strong>dum</strong></span> <span class='ocrx_word' id='word_1_148' title='bbox 285 2776 482 2862; x_wconf 81' lang='lat' dir='ltr'><strong>sanguinis</strong></span> <span class='ocrx_word' id='word_1_149' title='bbox 501 2777 667 2842; x_wconf 82' lang='lat' dir='ltr'><strong>colorem</strong></span> <span class='ocrx_word' id='word_1_150' title='bbox 688 2775 734 2839; x_wconf 83' lang='lat' dir='ltr'><strong>ab</strong></span> <span class='ocrx_word' id='word_1_151' title='bbox 757 2773 939 2856; x_wconf 88' lang='lat' dir='ltr'><strong>ingenitis</strong></span> <span class='ocrx_word' id='word_1_152' title='bbox 961 2771 1086 2838; x_wconf 87' lang='lat' dir='ltr'><strong>cordis</strong></span> <span class='ocrx_word' id='word_1_153' title='bbox 1112 2770 1214 2856; x_wconf 90' lang='lat' dir='ltr'><strong>igni-</strong></span> 
     </span>
     <span class='ocr_line' id='line_1_24' title="bbox 170 2875 1213 2958; baseline -0.007 -14"><span class='ocrx_word' id='word_1_154' title='bbox 170 2880 290 2954; x_wconf 80' lang='lat' dir='ltr'><strong>culis,</strong></span> <span class='ocrx_word' id='word_1_155' title='bbox 312 2879 372 2950; x_wconf 88' lang='lat' dir='ltr'><strong>vel</strong></span> <span class='ocrx_word' id='word_1_156' title='bbox 391 2899 414 2942; x_wconf 92' lang='lat' dir='ltr'><strong>a</strong></span> <span class='ocrx_word' id='word_1_157' title='bbox 436 2878 557 2944; x_wconf 88' lang='lat' dir='ltr'><strong>causis</strong></span> <span class='ocrx_word' id='word_1_158' title='bbox 580 2875 812 2946; x_wconf 88' lang='lat' dir='ltr'><strong>mechanicis</strong></span> <span class='ocrx_word' id='word_1_159' title='bbox 833 2875 1082 2958; x_wconf 79' lang='lat' dir='ltr'><strong>repetebant,</strong></span> <span class='ocrx_word' id='word_1_160' title='bbox 1102 2893 1213 2958; x_wconf 86' lang='lat' dir='ltr'><strong>expe-</strong></span> 
     </span>
     <span class='ocr_line' id='line_1_25' title="bbox 172 2977 1211 3054; baseline -0.006 -6"><span class='ocrx_word' id='word_1_161' title='bbox 172 2981 352 3048; x_wconf 81' lang='lat' dir='ltr'><strong>rimentis</strong></span> <span class='ocrx_word' id='word_1_162' title='bbox 383 2979 648 3054; x_wconf 84' lang='lat' dir='ltr'><strong>evidentibus,</strong></span> <span class='ocrx_word' id='word_1_163' title='bbox 679 2997 767 3044; x_wconf 90' lang='lat' dir='ltr'><strong>eum</strong></span> <span class='ocrx_word' id='word_1_164' title='bbox 799 2977 979 3042; x_wconf 85' lang='lat' dir='ltr'><strong>ruborem</strong></span> <span class='ocrx_word' id='word_1_165' title='bbox 1016 2977 1127 3041; x_wconf 91' lang='lat' dir='ltr'><strong>unice</strong></span> <span class='ocrx_word' id='word_1_166' title='bbox 1163 2977 1211 3042; x_wconf 92' lang='lat' dir='ltr'><strong>ab</strong></span> 
     </span>
     <span class='ocr_line' id='line_1_26' title="bbox 176 3079 1215 3166; baseline -0.002 -22"><span class='ocrx_word' id='word_1_167' title='bbox 176 3080 275 3146; x_wconf 77' lang='lat' dir='ltr'><strong>alitis</strong></span> <span class='ocrx_word' id='word_1_168' title='bbox 310 3081 498 3166; x_wconf 86' lang='lat' dir='ltr'><strong>adspireti</strong></span> <span class='ocrx_word' id='word_1_169' title='bbox 531 3079 680 3162; x_wconf 83' lang='lat' dir='ltr'><strong>influxu</strong></span> <span class='ocrx_word' id='word_1_170' title='bbox 707 3079 959 3162; x_wconf 85' lang='lat' dir='ltr'><strong>repetendum</strong></span> <span class='ocrx_word' id='word_1_171' title='bbox 991 3099 1072 3144; x_wconf 89' lang='lat' dir='ltr'><strong>esse</strong></span> <span class='ocrx_word' id='word_1_172' title='bbox 1103 3079 1167 3166; x_wconf 87' lang='lat' dir='ltr'><strong>c),</strong></span> <span class='ocrx_word' id='word_1_173' title='bbox 1191 3097 1215 3142; x_wconf 84' lang='lat' dir='ltr'><strong>a</strong></span> 
     </span>
     <span class='ocr_line' id='line_1_27' title="bbox 174 3183 1214 3267; baseline -0.002 -18"><span class='ocrx_word' id='word_1_174' title='bbox 174 3183 570 3250; x_wconf 79' lang='lat' dir='ltr'><strong>latromathematicis</strong></span> <span class='ocrx_word' id='word_1_175' title='bbox 591 3189 629 3248; x_wconf 87' lang='lat' dir='ltr'><strong>et</strong></span> <span class='ocrx_word' id='word_1_176' title='bbox 651 3183 732 3267; x_wconf 89' lang='lat' dir='ltr'><strong>ipso</strong></span> <span class='ocrx_word' id='word_1_177' title='bbox 752 3183 871 3248; x_wconf 89' lang='lat' dir='ltr'><strong>etiam</strong></span> <span class='ocrx_word' id='word_1_178' title='bbox 893 3185 925 3246; x_wconf 90' lang='lat' dir='ltr'>H</span> <span class='ocrx_word' id='word_1_179' title='bbox 939 3185 1125 3258; x_wconf 85' lang='lat' dir='ltr'><strong>allero,</strong></span> <span class='ocrx_word' id='word_1_180' title='bbox 1140 3184 1214 3247; x_wconf 90' lang='lat' dir='ltr'><strong>mi·</strong></span> 
     </span>
     <span class='ocr_line' id='line_1_28' title="bbox 175 3285 1213 3370; baseline 0 -18"><span class='ocrx_word' id='word_1_181' title='bbox 175 3305 221 3352; x_wconf 82' lang='lat' dir='ltr'><strong>ra</strong></span> <span class='ocrx_word' id='word_1_182' title='bbox 251 3291 353 3352; x_wconf 88' lang='lat' dir='ltr'><strong>certo</strong></span> <span class='ocrx_word' id='word_1_183' title='bbox 382 3289 556 3365; x_wconf 85' lang='lat' dir='ltr'><strong>ratione,</strong></span> <span class='ocrx_word' id='word_1_184' title='bbox 578 3291 830 3370; x_wconf 87' lang='lat' dir='ltr'><strong>oppugnatus.</strong></span> <span class='ocrx_word' id='word_1_185' title='bbox 863 3285 1032 3350; x_wconf 82' lang='lat' dir='ltr'><strong>Eandem</strong></span> <span class='ocrx_word' id='word_1_186' title='bbox 1069 3285 1213 3352; x_wconf 85' lang='lat' dir='ltr'><strong>verite·</strong></span> 
     </span>
     <span class='ocr_line' id='line_1_29' title="bbox 176 3385 1302 3482; baseline 0.002 -30"><span class='ocrx_word' id='word_1_187' title='bbox 176 3392 258 3452; x_wconf 91' lang='lat' dir='ltr'><strong>tem</strong></span> <span class='ocrx_word' id='word_1_188' title='bbox 287 3389 408 3454; x_wconf 88' lang='lat' dir='ltr'><strong>variis</strong></span> <span class='ocrx_word' id='word_1_189' title='bbox 437 3387 618 3473; x_wconf 85' lang='lat' dir='ltr'><strong>periculis</strong></span> <span class='ocrx_word' id='word_1_190' title='bbox 651 3385 768 3456; x_wconf 85' lang='lat' dir='ltr'><strong>evicit</strong></span> <span class='ocrx_word' id='word_1_191' title='bbox 795 3389 923 3454; x_wconf 74' lang='lat' dir='ltr'><strong>01an</strong></span> <span class='ocrx_word' id='word_1_192' title='bbox 953 3387 1063 3474; x_wconf 77' lang='lat' dir='ltr'><strong>d),a</strong></span> <span class='ocrx_word' id='word_1_193' title='bbox 1095 3389 1226 3482; x_wconf 53' lang='lat' dir='ltr'><strong>Puni·⁸</strong></span> <span class='ocrx_word' id='word_1_194' title='bbox 1298 3463 1302 3474; x_wconf 32' lang='lat'><em>¹</em></span> 
     </span>
     <span class='ocr_line' id='line_1_30' title="bbox 177 3487 1214 3576; baseline 0.003 -22"><span class='ocrx_word' id='word_1_195' title='bbox 177 3503 296 3554; x_wconf 74' lang='lat' dir='ltr'><strong>sum</strong></span> <span class='ocrx_word' id='word_1_196' title='bbox 317 3491 465 3556; x_wconf 81' lang='lat' dir='ltr'><strong>tardius</strong></span> <span class='ocrx_word' id='word_1_197' title='bbox 487 3491 523 3576; x_wconf 93' lang='lat' dir='ltr'><strong>e)</strong></span> <span class='ocrx_word' id='word_1_198' title='bbox 538 3531 548 3567; x_wconf 89' lang='lat'><strong><em>,</em></strong></span> <span class='ocrx_word' id='word_1_199' title='bbox 566 3511 609 3554; x_wconf 85' lang='lat' dir='ltr'><strong>ac</strong></span> <span class='ocrx_word' id='word_1_200' title='bbox 630 3489 785 3554; x_wconf 87' lang='lat' dir='ltr'><strong>demum</strong></span> <span class='ocrx_word' id='word_1_201' title='bbox 805 3509 827 3552; x_wconf 86' lang='lat' dir='ltr'><strong>a</strong></span> <span class='ocrx_word' id='word_1_202' title='bbox 846 3487 1023 3573; x_wconf 84' lang='lat' dir='ltr'><strong>pluribus</strong></span> <span class='ocrx_word' id='word_1_203' title='bbox 1046 3490 1135 3556; x_wconf 88' lang='lat' dir='ltr'><strong>aliis</strong></span> <span class='ocrx_word' id='word_1_204' title='bbox 1162 3489 1214 3576; x_wconf 70' lang='grc' dir='ltr'><strong>(ς.</strong></span> 
     </span>
     <span class='ocr_line' id='line_1_31' title="bbox 176 3577 1214 3678; baseline 0.002 -20"><span class='ocrx_word' id='word_1_205' title='bbox 176 3589 274 3675; x_wconf 77' lang='grc'>334.)</span> <span class='ocrx_word' id='word_1_206' title='bbox 295 3593 450 3678; x_wconf 85' lang='lat' dir='ltr'><strong>penitus</strong></span> <span class='ocrx_word' id='word_1_207' title='bbox 483 3591 762 3659; x_wconf 84' lang='lat' dir='ltr'><strong>confirmatam.</strong></span> <span class='ocrx_word' id='word_1_208' title='bbox 798 3577 955 3658; x_wconf 72' lang='lat' dir='ltr'><strong>Cbnstet</strong></span> <span class='ocrx_word' id='word_1_209' title='bbox 978 3596 1109 3658; x_wconf 87' lang='lat' dir='ltr'><strong>autem</strong></span> <span class='ocrx_word' id='word_1_210' title='bbox 1134 3591 1214 3674; x_wconf 81' lang='lat' dir='ltr'><strong>iam</strong></span> 
     </span>
     <span class='ocr_line' id='line_1_32' title="bbox 174 3695 1213 3783; baseline 0.002 -21"><span class='ocrx_word' id='word_1_211' title='bbox 174 3713 301 3772; x_wconf 88' lang='lat' dir='ltr'><strong>nuuc,</strong></span> <span class='ocrx_word' id='word_1_212' title='bbox 321 3701 448 3762; x_wconf 84' lang='lat' dir='ltr'><strong>utrum</strong></span> <span class='ocrx_word' id='word_1_213' title='bbox 470 3699 700 3783; x_wconf 83' lang='lat' dir='ltr'><strong>sanguinem</strong></span> <span class='ocrx_word' id='word_1_214' title='bbox 721 3699 762 3761; x_wconf 92' lang='lat' dir='ltr'><strong>in</strong></span> <span class='ocrx_word' id='word_1_215' title='bbox 781 3695 916 3760; x_wconf 85' lang='lat' dir='ltr'><strong>floride</strong></span> <span class='ocrx_word' id='word_1_216' title='bbox 944 3697 1104 3762; x_wconf 85' lang='lat' dir='ltr'><strong>rubrum</strong></span> <span class='ocrx_word' id='word_1_217' title='bbox 1125 3717 1213 3764; x_wconf 90' lang='lat' dir='ltr'><strong>con-</strong></span> 
     </span>
     <span class='ocr_line' id='line_1_33' title="bbox 176 3800 1216 3886; baseline 0.001 -19"><span class='ocrx_word' id='word_1_218' title='bbox 176 3800 300 3880; x_wconf 86' lang='lat' dir='ltr'><strong>verti,</strong></span> <span class='ocrx_word' id='word_1_219' title='bbox 319 3801 352 3866; x_wconf 92' lang='lat' dir='ltr'><strong>si</strong></span> <span class='ocrx_word' id='word_1_220' title='bbox 370 3803 676 3886; x_wconf 87' lang='lat' dir='ltr'><strong>atmosphaerlco</strong></span> <span class='ocrx_word' id='word_1_221' title='bbox 698 3802 759 3866; x_wconf 89' lang='lat' dir='ltr'><strong>vel</strong></span> <span class='ocrx_word' id='word_1_222' title='bbox 790 3800 980 3886; x_wconf 81' lang='lat' dir='ltr'><strong>oxygonio</strong></span> <span class='ocrx_word' id='word_1_223' title='bbox 1008 3803 1216 3886; x_wconf 86' lang='lat' dir='ltr'><strong>exponitur</strong></span> 
     </span>
     <span class='ocr_line' id='line_1_34' title="bbox 179 3899 1210 3990; baseline 0.001 -21"><span class='ocrx_word' id='word_1_224' title='bbox 179 3905 280 3980; x_wconf 77' lang='lat' dir='ltr'><strong>sliri,</strong></span> <span class='ocrx_word' id='word_1_225' title='bbox 299 3903 472 3990; x_wconf 87' lang='lat' dir='ltr'><strong>hancque</strong></span> <span class='ocrx_word' id='word_1_226' title='bbox 493 3907 751 3970; x_wconf 86' lang='lat' dir='ltr'><strong>mutationem</strong></span> <span class='ocrx_word' id='word_1_227' title='bbox 772 3905 889 3968; x_wconf 85' lang='lat' dir='ltr'><strong>etiam</strong></span> <span class='ocrx_word' id='word_1_228' title='bbox 915 3923 983 3988; x_wconf 86' lang='lat' dir='ltr'><strong>per</strong></span> <span class='ocrx_word' id='word_1_229' title='bbox 1004 3899 1124 3970; x_wconf 83' lang='lat' dir='ltr'><strong>venae</strong></span> <span class='ocrx_word' id='word_1_230' title='bbox 1151 3925 1210 3969; x_wconf 84' lang='lat' dir='ltr'><strong>ex·</strong></span> 
     </span>
     <span class='ocr_line' id='line_1_35' title="bbox 180 4007 1214 4092; baseline -0.002 -20"><span class='ocrx_word' id='word_1_231' title='bbox 180 4007 280 4072; x_wconf 86' lang='lat' dir='ltr'><strong>cisae</strong></span> <span class='ocrx_word' id='word_1_232' title='bbox 302 4009 467 4090; x_wconf 88' lang='lat' dir='ltr'><strong>parietes</strong></span> <span class='ocrx_word' id='word_1_233' title='bbox 480 4053 491 4088; x_wconf 92' lang='lat'><em>,</em></span> <span class='ocrx_word' id='word_1_234' title='bbox 513 4029 579 4092; x_wconf 87' lang='lat' dir='ltr'><strong>per</strong></span> <span class='ocrx_word' id='word_1_235' title='bbox 607 4011 775 4074; x_wconf 87' lang='lat' dir='ltr'><strong>vesicam</strong></span> <span class='ocrx_word' id='word_1_236' title='bbox 803 4026 926 4073; x_wconf 90' lang='lat' dir='ltr'><strong>seroso</strong></span> <span class='ocrx_word' id='word_1_237' title='bbox 950 4009 1110 4078; x_wconf 81' lang='lat' dir='ltr'><strong>humore</strong></span> <span class='ocrx_word' id='word_1_238' title='bbox 1132 4027 1214 4074; x_wconf 74' lang='lat' dir='ltr'><strong>ma.</strong></span> 
     </span>
     <span class='ocr_line' id='line_1_36' title="bbox 179 4109 1214 4201; baseline 0 -23"><span class='ocrx_word' id='word_1_239' title='bbox 179 4113 372 4180; x_wconf 83' lang='lat' dir='ltr'><strong>delectam</strong></span> <span class='ocrx_word' id='word_1_240' title='bbox 385 4155 395 4188; x_wconf 89' lang='lat'>,</span> <span class='ocrx_word' id='word_1_241' title='bbox 416 4133 556 4201; x_wconf 88' lang='lat' dir='ltr'><strong>perque</strong></span> <span class='ocrx_word' id='word_1_242' title='bbox 575 4115 689 4180; x_wconf 88' lang='lat' dir='ltr'><strong>lactis</strong></span> <span class='ocrx_word' id='word_1_243' title='bbox 710 4117 771 4180; x_wconf 86' lang='lat' dir='ltr'><strong>vel</strong></span> <span class='ocrx_word' id='word_1_244' title='bbox 795 4115 869 4180; x_wconf 84' lang='lat' dir='ltr'><strong>seri</strong></span> <span class='ocrx_word' id='word_1_245' title='bbox 896 4109 1093 4199; x_wconf 82' lang='lat' dir='ltr'><strong>sanguinis</strong></span> <span class='ocrx_word' id='word_1_246' title='bbox 1115 4119 1214 4179; x_wconf 81' lang='lat' dir='ltr'><strong>stra·</strong></span> 
     </span>
     <span class='ocr_line' id='line_1_37' title="bbox 179 4220 1288 4308; baseline 0.004 -22"><span class='ocrx_word' id='word_1_247' title='bbox 179 4226 289 4298; x_wconf 86' lang='lat' dir='ltr'><strong>tum,</strong></span> <span class='ocrx_word' id='word_1_248' title='bbox 308 4221 526 4288; x_wconf 85' lang='lat' dir='ltr'><strong>nullatenus</strong></span> <span class='ocrx_word' id='word_1_249' title='bbox 543 4245 633 4290; x_wconf 87' lang='lat' dir='ltr'><strong>varo</strong></span> <span class='ocrx_word' id='word_1_250' title='bbox 654 4229 737 4289; x_wconf 89' lang='lat' dir='ltr'><strong>tum</strong></span> <span class='ocrx_word' id='word_1_251' title='bbox 759 4224 949 4300; x_wconf 81' lang='lat' dir='ltr'><strong>accidere,</strong></span> <span class='ocrx_word' id='word_1_252' title='bbox 972 4220 1042 4286; x_wconf 89' lang='lat' dir='ltr'><strong>ubi</strong></span> <span class='ocrx_word' id='word_1_253' title='bbox 1058 4223 1216 4308; x_wconf 85' lang='lat' dir='ltr'><strong>sanguis</strong></span> <span class='ocrx_word' id='word_1_254' title='bbox 1286 4249 1288 4254; x_wconf 94' lang='lat'>·</span> 
     </span>
    </p>
   </div>
   <div class='ocr_carea' id='block_1_7' title="bbox 180 4313 1212 4456">
    <p class='ocr_par' dir='ltr' id='par_1_7' title="bbox 180 4313 1212 4456">
     <span class='ocr_line' id='line_1_38' title="bbox 180 4313 1212 4456; baseline 0.003 -64"><span class='ocrx_word' id='word_1_255' title='bbox 180 4343 282 4416; x_wconf 88' lang='lat' dir='ltr'><strong>aqua</strong></span> <span class='ocrx_word' id='word_1_256' title='bbox 300 4334 367 4394; x_wconf 84' lang='lat' dir='ltr'><strong>aut</strong></span> <span class='ocrx_word' id='word_1_257' title='bbox 389 4327 468 4394; x_wconf 90' lang='lat' dir='ltr'><strong>alio</strong></span> <span class='ocrx_word' id='word_1_258' title='bbox 492 4325 657 4456; x_wconf 56' lang='lat' dir='ltr'><strong>quodam</strong></span> <span class='ocrx_word' id='word_1_259' title='bbox 676 4333 877 4418; x_wconf 84' lang='lat' dir='ltr'><strong>peregrino</strong></span> <span class='ocrx_word' id='word_1_260' title='bbox 903 4327 1045 4416; x_wconf 82' lang='lat' dir='ltr'><strong>tegitur</strong></span> <span class='ocrx_word' id='word_1_261' title='bbox 1073 4313 1212 4402; x_wconf 80' lang='lat' dir='ltr'><strong>humo·</strong></span> 
     </span>
    </p>
   </div>
   <div class='ocr_carea' id='block_1_8' title="bbox 0 0 1484 4996">
    <p class='ocr_par' dir='ltr' id='par_1_8' title="bbox 0 0 1484 4996">
     <span class='ocr_line' id='line_1_39' title="bbox 0 0 1484 4996; baseline 0 0"><span class='ocrx_word' id='word_1_262' title='bbox 0 0 1484 4996; x_wconf 95' lang='lat' dir='ltr'><strong> </strong></span> 
     </span>
    </p>
   </div>
  </div>
 </body>
</html>
