2892 5004
396 381 506 454 εισι.
527 377 556 454 1
575 379 634 450 Dr
654 393 745 456 creo
764 393 817 454 rr
839 391 953 452 roro.
1094 456 1108 481 ν
1173 393 1197 468 7

133 523 192 596 bi
222 479 617 608 adpetentiam,
648 543 735 612 cum
765 543 878 588 sensu
907 523 1118 598 manifesto
1152 527 1192 589 et

139 625 254 696 reali
277 625 469 691 desiderio
499 625 769 708 conjunctam,
790 627 859 690 ubi
890 631 1024 692 tantus
1050 633 1108 698 est
1130 625 1192 692 fa·

9 779 10 782 κ
141 733 222 798 mis
254 727 459 804 stimulus,
489 734 534 794 ut
566 727 827 792 ventriculum
858 727 1000 796 fortius
1027 727 1193 807 excitet,

138 835 205 902 vel
232 833 304 898 ubi
334 831 452 898 cibi
440 851 545 916 rpeos
574 831 774 906 concitant
808 851 963 914 sensus,
993 839 1193 916 gustatum

50 941 63 962 ⁵
136 937 350 1024 praecipue
374 943 413 1001 et
433 937 633 1007 olfactum.
666 937 830 1002 Uberior
859 931 976 1002 simul
998 937 1039 1002 in
1061 958 1101 1002 os
1122 937 1192 1002 ad·

139 1042 276 1112 licitur
297 1039 423 1110 saliva
437 1040 695 1124 ,percipimus
713 1025 921 1111 ventriculi
941 1041 1192 1130 vacuitatem,
1254 1069 1258 1080 ·

140 1145 326 1211 elz-oritur
346 1143 516 1220 virium,
538 1138 819 1213 muscularium
847 1147 1078 1236 praecipue,
1105 1145 1192 1214 leo·

47 1313 60 1335 „
132 1270 247 1338 guor-
278 1249 489 1316 Tolluntur
517 1251 663 1322 autam.
681 1249 840 1334 quaevis
865 1251 983 1318 famis
1005 1247 1193 1322 molestas

137 1353 380 1423 causationes
411 1370 497 1416 cum
527 1350 732 1436 peculiari,
752 1351 968 1436 voluptatis
1003 1371 1139 1432 sensu,
1167 1357 1193 1416 ct

139 1463 229 1525 cibo
252 1463 494 1533 comesto,et
514 1464 739 1523 recreantur
756 1464 973 1544 prostratae
995 1463 1108 1530 antee
1130 1457 1193 1522 vi·

136 1585 224 1646 res,
244 1564 323 1630 nisi
343 1579 538 1628 excessum
558 1560 601 1626 iu
627 1560 774 1628 edendo
804 1563 1115 1638 committamus,
1137 1559 1193 1626 ci·

138 1672 183 1736 bi
204 1669 420 1752 cupiditate
442 1686 514 1752 pro
543 1667 677 1754 aliquo
695 1671 870 1754 tempore
887 1665 1192 1742 'simulsublata

161 1828 165 1838 '
225 1825 265 1894 si
284 1846 376 1892 vcro
392 1823 516 1892 fames
537 1823 643 1910 justo
663 1823 810 1898 diutius
827 1827 1093 1914 protrahatur,
1107 1825 1191 1911 ipse

141 1953 224 2006 non
246 1929 362 1998 modo
388 1931 627 1997 ventriculus
649 1933 806 2016 gravius
836 1933 1039 2016 adficitur,
1057 1949 1196 2004 verum
1236 1951 1242 1964 ’

142 2047 183 2106 et
207 2035 428 2123 perniciosa
447 2035 491 2100 in
510 2033 777 2100 functionibus
803 2035 907 2100 vitae
924 2037 1132 2108 sensiferos
1152 2040 1193 2102 et

140 2143 350 2246 organicae
372 2137 611 2204 suscitantur
632 2141 910 2224 symptomata.
934 2146 1057 2212 aucta
1078 2139 1191 2227 quip-

138 2276 189 2344 pe
210 2251 423 2330 ventriculi
452 2245 716 2320 sensibilitate
745 2247 877 2332 (1.73,
902 2243 1195 2334 v.)‚rs1at1vs

141 2361 329 2428 increscit
362 2351 514 2420 stimuli
545 2351 745 2436 potentia3
766 2347 917 2416 accedit
945 2347 1061 2426 dein,
1087 2343 1191 2440 quod

139 2465 257 2552 nullo·
277 2459 467 2526 alimento
485 2459 711 2540 praesente,
729 2470 862 2516 succus
887 2451 1076 2536 gastricus
1101 2469 1191 2516 con·
1275 2503 1278 2508 .

17 2559 22 2568 ’
135 2558 249 2636 tinuo
279 2569 465 2652 secretus,
488 2575 575 2624 cum
603 2555 763 2644 reliquis
788 2549 1018 2624 humoribus
1050 2553 1188 2640 depra-

138 2678 253 2738 vetur
274 2669 334 2752 (§·
356 2673 431 2750 258.
448 2665 488 2752 ),
510 2659 767 2728 acrimoniam
798 2657 958 2740 induat,
984 2665 1023 2724 et
1051 2677 1191 2725 nervos

135 2774 373 2848 ventriculi,
397 2770 553 2856 ejusque
575 2763 695 2832 fibras
721 2763 957 2830 musculsres
988 2763 1190 2848 potentius
1240 2813 1251 2830 .

136 2879 281 2945 irritet.
305 2876 440 2942 Oritur
462 2874 555 2944 hinc
576 2869 785 2958 singularis
809 2869 851 2938 in
886 2889 929 2932 eo
951 2869 1099 2934 viscera
1126 2889 1190 2934 ar-

140 2985 211 3049 dor
235 2986 274 3046 et
305 2976 594 3054 intolerabilis,
617 2975 790 3049 lacerans
825 2969 936 3056 quasi
967 2967 1101 3050 dolor,
1128 2971 1189 3038 fas

142 3079 346 3164 sudium)
372 3079 654 3154 vomitorius,
685 3095 782 3164 quas
819 3071 1034 3177 deliquium
1062 3073 1189 3142 animi

78 3191 85 3206 ’
137 3211 253 3275 saepe
272 3189 487 3266 adducunt3
498 3185 565 3249 aut
582 3185 665 3248 tam
682 3179 788 3246 saevi
804 3199 1083 3266 nonnunquam
1101 3179 1189 3246 red·

139 3297 287 3361 duntur
304 3292 474 3367 dolores,
491 3293 537 3354 ut
557 3287 606 3352 ad
629 3305 689 3352 res
708 3305 916 3352 naussosas
936 3284 1183 3350 ‘manducan-

136 3397 204 3466 das
225 3397 482 3481 compellant,
502 3393 567 3458 vel
595 3411 641 3455 eo
661 3391 777 3474 plane
805 3391 1021 3466 concitent,
1049 3391 1095 3454 ut
1122 3391 1186 3458 sui

32 3523 37 3528 ·
105 3559 110 3564 .
137 3499 445 3568 conservationis
466 3495 674 3562 instinctus
695 3511 850 3559 omnem
874 3492 1093 3577 supprimat
1113 3493 1186 3558 hu·

130 3603 394 3682 manitatem,
416 3601 561 3667 amicus
593 3600 786 3677 amicum,
809 3600 847 3663 et
876 3601 1003 3662 mater
1032 3598 1184 3680 prolem

135 3706 437 3795 adgrediantnrr
460 3723 530 3770 nac
550 3723 640 3768 rara
660 3703 749 3766 sunt
779 3701 954 3783 exempla
981 3698 1183 3764 famelico.

134 3833 244 3895 rum,
268 3813 334 3900 qui
354 3811 546 3876 violentas
568 3800 646 3874 sibi
669 3805 887 3872 intulerunt
910 3823 1047 3872 manus
1067 3807 1123 3892 ⁶).

216 3977 435 4049 Diminutis
465 3975 508 4042 in
533 3973 717 4046 universo
747 3969 906 4054 corpore
933 3967 1181 4045 humoribus.

132 4084 267 4170 iisque'
286 4082 442 4167 penitus
471 4075 715 4164 depravatis,
737 4063 857 4140 cebris
886 4072 1034 4152 oritur,
1061 4071 1180 4157 typhi

131 4183 281 4274 putridi
302 4181 448 4269 stipata
466 4178 808 4270 symptomatibus.
831 4177 1069 4272 Relaxantur
1089 4191 1179 4258 par*

129 4296 189 4360 tes
216 4285 525 4372 solido-molles,
551 4303 691 4379 arrosa·
713 4285 950 4370 rumpuntur
985 4297 1110 4376 vasa,
1139 4283 1180 4346 et
1250 4351 1259 4370 Ι
