2898 4992
279 421 344 515 5¹⁶
374 421 474 488 'er
495 420 524 484 1.
546 420 1031 490 cer.=V111.Dncsnoa1s
1054 435 1246 489 oscmucr

386 559 422 631 b)
441 557 584 614 Advertit
602 557 649 615 de
667 557 836 616 HAENIUS
852 559 885 614 in
905 561 1009 628 febre,
1024 562 1095 618 dum
1109 581 1201 640 aeger
1217 568 1256 623 de
1283 569 1340 624 sri-

351 670 424 728 gore
443 653 647 726 querebatur,
668 652 844 728 temperiem
859 651 929 720 4-6
945 671 991 728 gr.
1005 657 1039 712 F.
1060 656 1142 712 ultra
1157 671 1337 719 consuetum

354 741 486 798 calorem
506 751 625 798 aucum
641 742 676 812 (1.
695 759 724 799 ο.
740 742 776 805 V.
793 759 825 816 p.
841 741 918 812 16.)-

735 921 763 994 §-
807 877 881 1000 us·

171 1105 173 1111 ’
282 1099 1176 1194 Reliquorum.imponde.·abilium
1224 1131 1335 1179 evo.

735 1205 887 1273 lutio.

367 1356 441 1420 Sub
471 1353 603 1432 epdem
626 1351 743 1416 vitali
774 1371 973 1436 processu,
1004 1374 1079 1441 quo
1113 1358 1217 1424 calor
1250 1360 1339 1424 ani·

283 1464 398 1530 malis
420 1461 669 1544 producitur,
693 1457 1008 1538 electricitatem,
1029 1460 1156 1540 lucem
1179 1465 1226 1528 et'
1251 1463 1336 1530 alia

282 1562 615 1648 imponderabilia
652 1561 813 1646 prolici,
840 1561 1013 1644 superius
1054 1563 1123 1647 (ῦς.
1153 1568 1207 1647 67.
1236 1567 1335 1651 233.)

283 1670 364 1756 jam
394 1666 646 1732 ostendimus.
679 1665 789 1730 Patet
820 1658 1022 1748 praeterea
1057 1689 1102 1732 ex
1132 1669 1205 1746 iis,
1237 1689 1339 1756 quae

282 1773 490 1858 Humphry
520 1773 639 1836 stu
667 1771 1041 1852 nuperpreecepit,
1075 1774 1337 1862 plurimisque

193 1883 196 1908 ¹
280 1873 499 1942 illustravit
521 1871 818 1954 experimentis,
843 1868 982 1935 caloris
1003 1879 1042 1937 et
1060 1873 1156 1939 lucis
1177 1878 1338 1961 appari·

280 1981 409 2044 tiones
430 1995 497 2060 per
519 1977 643 2040 solam
674 1994 878 2058 corporum
908 1979 1207 2060 attractionem,
1236 2001 1335 2066 quae

280 2076 461 2162 opposita
479 2075 641 2159 ponitur
661 2075 1190 2166 electricitate,suscitari⁸).
1212 2080 1335 2145 Phae-

280 2201 449 2246 nomena
469 2179 629 2275 caloris,
652 2179 918 2244 electricitatis
954 2187 993 2244 et
1025 2181 1121 2245 lucis
1155 2183 1335 2249 finitima

280 2285 358 2352 eibi
378 2307 456 2350 esse
477 2286 657 2370 frequens
680 2283 791 2349 docet
809 2283 1068 2368 experientia,
1083 2308 1159 2372 qua
1170 2294 1333 2366 constat,

279 2407 361 2456 non
383 2391 499 2454 facila
523 2409 710 2480 unumex
729 2389 778 2454 iis
807 2389 1009 2469 suscitari,
1043 2393 1139 2476 quin
1168 2393 1247 2456 alia
1278 2393 1332 2458 ei-

277 2498 364 2561 mul
384 2494 623 2566 excitentur,
643 2498 680 2556 et
702 2491 827 2556 solum
849 2513 872 2556 a
898 2493 1162 2576 peculiaribus
1191 2495 1332 2578 depen-

275 2601 369 2674 dere
391 2597 716 2672 circumstantiis,
738 2603 783 2661 ut
806 2617 927 2662 unum
949 2617 1042 2682 prae
1072 2601 1152 2665 elio
1183 2599 1335 2664 emine·

278 2711 332 2768 at.
354 2705 495 2768 Lucem
515 2701 556 2764 in
580 2700 819 2766 animalibus
839 2701 1000 2784 perinde
1021 2709 1065 2766 ut
1089 2702 1255 2766 calorem
1291 2710 1332 2770 et

273 2805 578 2874 electricitatem
602 2804 756 2881 evolvi,
777 2805 951 2888 plurima
990 2805 1201 2892 ostendunt
1228 2809 1333 2872 inse·

279 2919 362 2986 cta,
380 2913 495 2994 atque
516 2908 611 2978 feles
632 2915 669 2972 et
691 2909 905 2986 animalia,
924 2928 1088 2992 quorum
1106 2907 1330 2972 oculiinte-

279 3011 409 3080 nebris
432 3011 567 3076 lucent
586 3011 663 3098 “).
695 3013 836 3077 Notum
862 3017 1066 3097 praeterea
1092 3018 1171 3088 est,
1195 3011 1334 3076 fulmi-

278 3139 355 3185 nea
374 3118 457 3181 luce
477 3113 689 3200 perstringi
724 3116 878 3182 oculum
904 3135 1188 3200 compressum,
1216 3113 1334 3200 idque

154 3249 157 3254 ·
280 3221 409 3306 ipsum
450 3217 676 3302 contingere
706 3239 728 3283 a
760 3219 921 3284 stimulo
954 3218 1192 3297 Galvanico,
1223 3219 1335 3303 juxta

280 3328 510 3394 methodum
529 3328 573 3392 G·
604 3325 823 3392 Hunteri
860 3325 911 3410 (t.
945 3343 1019 3408 232·
1047 3346 1086 3390 n.
1115 3327 1168 3412 r.)
1202 3326 1333 3412 adpli-

280 3437 382 3498 cato.

301 3637 303 3645 ·
363 3597 505 3662 Omnia
541 3602 673 3662 autem
704 3595 801 3660 haec
830 3593 1105 3678 phaenomena
1139 3599 1333 3680 tanquam

279 3721 395 3766 causa
414 3698 531 3766 simul
553 3707 591 3766 et
613 3689 773 3765 effectus
785 3695 919 3764 vitalis
940 3701 1142 3788 processus
1155 3697 1330 3763 couside-

270 3804 359 3871 uari
384 3805 545 3897 dehent,
567 3805 729 3870 ut'adeo
753 3801 905 3868 credere
933 3799 1165 3881 debeamus,
1196 3800 1329 3866 omnia

277 3929 353 3974 suc
371 3925 597 3974 concurrere
619 3908 735 3976 modo
755 3905 803 3970 ad
822 3905 1136 3972 constituendam
1158 3924 1243 3969 eam
1266 3921 1330 3966 su·

277 4021 454 4095 premam
483 4011 628 4079 virium
655 4011 952 4096 primitivarum
993 4005 1329 4074 modificationem

278 4121 334 4201 (t.
354 4120 423 4202 63.)
444 4163 455 4199 ,
477 4136 594 4203 quam
618 4107 859 4200 uitalitatem
882 4114 1177 4198 compellamus.
1208 4113 1333 4176 Totus

275 4219 445 4308 denique
466 4221 612 4286 virium
634 4218 906 4305 organicar'um
926 4225 1160 4292 concentus,
1194 4220 1233 4280 et
1262 4213 1332 4278 ad·-

275 4323 410 4394 tiduus
453 4345 588 4394 earum
617 4346 705 4393 cum
734 4331 877 4394 nature
907 4333 1066 4396 externe
1094 4323 1330 4398 conflictus,

1179 4447 1330 4498 omnes·
