2892 5004
98 372 101 383 .
226 345 236 386 ι
366 383 370 390 ι

150 523 153 532 ,
262 441 306 516 58
347 433 435 502 bia.
452 432 481 500 1.
500 433 591 503 car.
611 431 726 501 ILDa
747 447 942 504 scrutur.
969 449 1223 506 nrctsrtous,
1272 433 1274 438 .

113 643 118 653 ,
161 592 164 632 ῑ
261 572 361 663 eique
402 578 522 644 ramis
569 580 735 647 arteriae
779 581 940 648 cruralis
1000 583 1297 649 subnascuntur.

259 683 433 749 Eundem
454 683 601 750 habent
622 705 743 750 venae
766 685 968 750 decursum
982 706 992 766 ;
1006 691 1045 772 et
1062 707 1154 752 vasa
1172 689 1308 752 absor-

258 787 395 854 bentia
434 787 519 851 cum
554 787 712 872 reliquis
746 787 1061 853 abdominelibui
1107 789 1312 856 confluunt

258 892 373 957 vasis.
397 890 596 954 Concurrit
618 891 751 976 itaque
772 911 901 956 setosa
921 889 1017 954 haec
1037 891 1166 974 portio
1186 893 1235 956 ad
1249 894 1306 956 ef-

257 995 510 1063 formandum
532 995 752 1061 abdominis
775 1016 932 1074 cavum,
947 996 1142 1062 connectit
1170 997 1308 1062 vincu-

177 1085 187 1104 χ
239 1101 299 1163 'lo
320 1097 480 1182 physico
507 1117 652 1182 organa
683 1099 874 1186 digestiva
900 1099 1003 1165 inter
1039 1119 1101 1173 se,
1131 1103 1170 1163 et
1200 1105 1309 1166 tenet

263 1201 428 1286 quodvis
460 1200 502 1266 in
526 1223 594 1266 suo
625 1203 767 1286 positu.
797 1201 1011 1289 Maximam
1045 1205 1175 1264 autem
1208 1201 1305 1265 haec

259 1305 393 1369 tunica
407 1309 587 1386 'praestat
606 1307 824 1370 utilitatem
844 1295 976 1392 serosa
1010 1323 1079 1368 sua
1112 1303 1305 1368 exhalati-

260 1427 457 1492 one‚qua
494 1413 623 1491 partes
653 1407 824 1491 singulas
854 1407 1010 1470 emollit
1043 1411 1081 1470 et
1116 1406 1310 1485 lubricat,

261 1511 464 1574 abnormes
485 1507 648 1592 impedit
668 1507 951 1584 concretiones,
987 1514 1102 1592 atque
1133 1525 1310 1592 organon

261 1613 450 1698 quodvis,
471 1619 515 1676 ut
538 1611 694 1694 privata
723 1618 894 1686 servetur
919 1611 1123 1684 vitalitas,
1153 1629 1175 1672 a
1208 1609 1302 1672 reli-

227 1723 229 1728 '
262 1715 351 1806 quis
374 1715 576 1799 dynamice
596 1713 765 1796 sejungit
785 1711 837 1794 (ι.
861 1711 968 1794 ιιι).
998 1711 1201 1796 Nunquam
1232 1710 1308 1794 igi-

261 1825 326 1884 tur
347 1820 388 1883 in
409 1819 568 1884 homine
589 1840 681 1883 sano
704 1819 737 1882 is
758 1819 900 1900 humor
923 1815 1164 1882 desideratur
1177 1821 1309 1890 ,etso-

250 1921 317 2004 ¹let
337 1942 405 2005 per
424 1943 556 1987 causas
577 1921 776 1994 morbosae
796 1921 907 1988 vario
928 1919 1043 1984 modo
1079 1915 1306 2003 depravari,

264 2024 328 2091 vel
348 2015 458 2109 copia
479 2026 612 2112 augeri
637 2023 693 2111 i).

347 2185 562 2251 Musculi
592 2181 971 2257 abominales,
1003 2183 1045 2246 in
1083 2182 1205 2246 latam
1240 2180 1300 2248 di-

260 2289 500 2353 mensionem
520 2289 736 2372 plurimum
756 2290 917 2359 formati
932 2330 941 2362 ‚
956 2288 1084 2352 nervis
1098 2288 1305 2368 providen-

261 2395 325 2457 tur
345 2392 584 2474 spitualibus,
609 2395 772 2476 suntque
803 2392 889 2456 ideo
921 2391 1139 2455 voluntatis
1182 2389 1305 2458 etiam
1338 2413 1340 2418 ’
1440 2437 1441 2450 ,

242 2495 453 2577 'potestati
478 2494 651 2574 subjecti.
673 2495 870 2576 Adjuvant
887 2492 955 2558 isti
977 2493 1244 2574 (transversus
1266 2515 1310 2560 a·

262 2592 482 2672 bdominis,
497 2596 674 2681 obliquus
697 2599 893 2677 internus,
908 2596 1085 2680 obliquus
1107 2601 1301 2670 externus,

259 2705 389 2764 rectus
407 2699 650 2775 abdominis,
674 2691 997 2786 pyramidalis)
973 2715 1110 2760 cavum
1128 2697 1307 2782 afferma

184 2817 192 2832 ”
262 2823 302 2866 re
332 2785 572 2898 abdominis,
600 2801 818 2864 inserviunt
842 2772 1159 2883 reproductioni,
1186 2799 1321 2862 visse.

260 2925 348 2970 rum
374 2903 688 2972 abdominelium
717 2903 911 2966 actionem
940 2904 1234 2985 promoventes,
1267 2907 1306 2966 et

242 3013 462 3092 *praestant
478 3005 596 3070 simul
616 2990 718 3070 vitae
734 3006 940 3070 sensiferae
960 3003 1112 3078 officia,
1135 3002 1299 3070 interio-

261 3129 342 3173 rem
365 3107 493 3175 trunci
512 3113 685 3190 partem,
704 3112 819 3192 atque
843 3107 1107 3172 extremitates
1139 3103 1305 3204 inferio·

259 3231 319 3274 res
339 3210 540 3275 movendo.
561 3209 853 3298 Tenentitaque
872 3207 1137 3291 abdominalas
1152 3195 1305 3270 muscu

260 3311 488 3376 lixmedium
504 3312 663 3400 quasi
639 3290 766 3406 locum
785 3312 888 3377 inter
910 3307 1145 3406 arbitrarios
1175 3317 1212 3374 et
1241 3333 1305 3376 or·

169 3440 171 3450 ’
261 3415 417 3498 genicos
447 3414 664 3492 musculos,
694 3420 738 3478 ut
767 3415 860 3478 adeo
894 3433 979 3476 cum
1006 3403 1304 3496 diaphragmate
1353 3397 1357 3408 ⁸

262 3523 496 3599 congruant,
518 3537 603 3586 cum
628 3537 700 3604 quo
721 3518 883 3636 tamen
872 3539 915 3582 ιιι
937 3517 1206 3614 antagonismo
1220 3519 1302 3590 exi

263 3627 372 3696 stunt
391 3622 466 3707 ”)
531 3679 536 3698 ι

365 3784 576 3858 queamus
599 3787 694 3848 Elem.
709 3787 796 3862 phys.
814 3785 865 3844 vt.
883 3807 916 3863 p.
938 3791 1000 3858 34².
1017 3805 1063 3862 sq.

363 3936 419 4002 es)
437 3928 592 3998 Masculus
614 3933 819 4004 ebdomioales
839 3934 909 3990 vide
924 3931 1005 4007 a'pud
1019 3933 1195 3993 ALBINUM
1224 3933 1300 3994 Tau

326 4019 408 4086 3111.
431 4032 461 4082 et
479 4021 557 4082 x1v.
575 4045 607 4064 -
625 4023 756 4084 bouus
777 4023 850 4086 tab.
865 4023 974 4097 XXVl,
