2898 4992
289 427 355 498 aas
414 401 1226 478 tracum.vturerrourrcsrrerrms.
1263 447 1267 454 -

281 563 340 626 mi
362 563 491 624 totum
525 556 783 621 ventriculum
816 549 1081 639 pulmonal'em
1100 553 1149 619 ad
1180 553 1325 639 apicem

285 679 404 752 usque
427 659 633 748 provident
654 659 826 724 surculis.

299 838 306 848 ’
368 817 520 885 Arteria
551 817 754 882 coronaria
778 815 1008 881 sinistre
1036 834 1064 880 s.
1092 815 1329 900 superior

286 941 331 990 ex
354 931 465 990 aorta
484 921 593 988 inter¹
619 925 806 987 arteriam
827 923 1089 1004 pulmonalem
1120 928 1158 985 et
1179 919 1329 984 auricu-

285 1032 365 1095 lam
387 1021 587 1094 sinistram
621 1029 766 1104 oritur,
790 1047 951 1110 moxque
971 1027 1012 1090 in
1039 1025 1130 1090 duos
1158 1030 1226 1089 aut
1252 1029 1328 1088 tres

288 1133 479 1199 dividitur
503 1149 644 1196 ramos.
678 1133 819 1210 Remus
841 1129 1077 1196 anterior
1106 1125 1220 1194 ductu
1252 1150 1329 1193 ser-

183 1283 187 1292 ·
287 1237 448 1322 pentino
479 1256 546 1320 per
576 1221 935 1306 convexam'cordis
962 1235 1102 1298 faciem
1126 1235 1168 1298 in
1195 1253 1327 1308 crena,

287 1350 492 1428 utrumque
513 1339 774 1420 ventriculum
796 1337 1079 1415 intercedente,
1111 1337 1158 1400 ad
1181 1337 1331 1418 apicem

255 1517 262 1529 ‚
287 1467 406 1532 usque
425 1444 834 1526 excurrit3ressectitur
855 1444 897 1508 in
921 1442 1224 1507 ventriculorum
1247 1439 1331 1522 api·

290 1569 372 1623 ces,
393 1553 431 1610 et
452 1547 531 1611 init
552 1545 816 1612 anastomosin
846 1563 932 1609 cum
963 1543 1165 1608 coronaria
1186 1542 1330 1604 dextra.

288 1649 466 1734 Largitur
505 1665 633 1714 ramos
663 1645 880 1714 ventriculo
923 1647 1099 1720 eortico,
1130 1623 1333 1728 mittitque

291 1753 461 1819 surculos
487 1753 528 1816 in
550 1757 680 1817 nortae
711 1759 748 1815 et
771 1749 935 1815 arteriae
968 1746 1203 1829 pulmonalis
1229 1747 1334 1810 tuni·

212 1927 220 1942 ⁴
292 1875 377 1934 cas,
411 1853 476 1938 qui
506 1873 591 1916 cum
623 1853 826 1917 coronaria
858 1851 990 1916 dextra
1024 1857 1062 1915 et
1090 1849 1329 1914 bronchialis

292 1957 456 2023 arteriae
475 1955 593 2018 ramis
614 1954 888 2019 inosculantur.
911 1955 1051 2017 Remus
1074 1973 1130 2035 po
1143 1958 1186 2015 st
1202 1953 1270 2015 eri
1286 1971 1338 2016 or

292 2079 321 2121 s.
346 2053 714 2118 circumflexus
743 2054 845 2118 inter
868 2054 993 2116 sinum
1017 2058 1053 2114 et
1074 2051 1337 2115 ventriculum

293 2155 492 2222 sinistrum
512 2175 641 2220 versus
667 2157 847 2220 obtusum
868 2155 992 2220 cordis
1014 2155 1160 2239 apicem
1183 2174 1339 2239 progre-

294 2259 421 2334 ditur,
450 2263 487 2320 et
515 2257 644 2322 mittit
676 2279 803 2322 ramos
835 2259 938 2322 sinui
970 2257 1212 2339 pulmoneli‚
1236 2257 1339 2322 sinui
1407 2275 1408 2280 ’

294 2361 451 2436 dextro,
470 2377 590 2450 venae
612 2379 724 2425 cavae
756 2361 935 2424 inferiori
957 2365 993 2422 et
1015 2365 1145 2423 eortae
1166 2359 1337 2436 tunicis,

293 2465 362 2535 ubi
392 2465 556 2530 arteriae
591 2483 666 2529 cor.
695 2465 847 2530 dextrae
876 2464 1126 2529 inosculatur.
1160 2467 1339 2531 Nonnun-

296 2587 411 2654 quam
442 2565 724 2632 tertiua'est
745 2552 956 2651 'peculiaris
986 2589 1136 2644 ramus,
1170 2569 1234 2656 qui
1265 2553 1337 2652 per

195 2736 197 2749 ¹
295 2676 447 2754 septum
472 2671 594 2737 cordis
614 2670 662 2733 ad
684 2672 832 2753 apicem
852 2689 970 2756 usque
1001 2673 1188 2756 excurrit,
1207 2675 1336 2739 rarius

298 2793 342 2836 ex
363 2772 447 2856 ipsa
468 2779 578 2837 aorta
599 2774 755 2838 obortus
779 2773 834 2861 a).

378 2937 588 3022 Capillares
610 2936 842 3002 arteriarum
873 2937 1016 3003 surculi
1044 2937 1162 3004 fibras
1193 2923 1339 3008 muscu-

297 3041 396 3105 laree
426 3039 549 3104 cordis
570 3045 745 3104 tortuosa
773 3047 986 3126 sequuntur
1010 3039 1253 3122 directione,
1273 3045 1338 3111 ab·

299 3148 466 3226 euntque
494 3141 652 3238 tandem
687 3141 730 3204 in
763 3161 948 3206 venarum
965 3144 1214 3312 primordia,
1245 3142 1339 3233 quae

298 3249 415 3314 simul
436 3249 477 3313 in
499 3245 701 3330 superficie
722 3248 844 3312 cordis
865 3249 961 3312 colle
1004 3270 1224 3325 ae‚venas
1246 3273 1341 3317 car·

296 3350 408 3414 diac
423 3371 474 3414 as
504 3350 745 3440 constituunt
777 3350 940 3434 majores
973 3357 1010 3416 et
1034 3355 1226 3432 minores,
1249 3375 1336 3418 san·

299 3455 455 3540 guinem
482 3473 525 3519 eo
556 3453 809 3531 reducentes,
842 3454 943 3519 unde
966 3457 1014 3520 ad
1044 3461 1245 3540 pulmones
1278 3458 1340 3522 via

297 3557 528 3625 brevissima
548 3558 744 3633 mittitur,
770 3559 925 3623 novitus
955 3561 1238 3628 restaurandus.
1262 3565 1340 3627 Ma·

299 3661 403 3727 xima
424 3660 724 3737 cordisvena,a
745 3663 932 3727 Galeno
961 3667 1340 3750 coronariapro·

299 3765 384 3848 pria
409 3761 544 3839 dicta,
573 3764 691 3827 ramis
728 3764 941 3829 minoribus
970 3767 1012 3830 in
1045 3769 1145 3832 facie
1175 3787 1343 3833 convexa

301 3868 451 3944 oritur,
473 3869 652 3932 cohaeret
676 3869 717 3931 in
738 3887 919 3937 mucrone
941 3889 1026 3934 cum
1050 3873 1157 3936 venis
1188 3871 1340 3951 mediis,

300 3970 473 4058 procedit
501 3991 615 4056 penes
641 3991 792 4036 ramum
823 3973 1055 4038 anteriorem
1089 3976 1256 4040 arteriae
1290 3977 1341 4039 si·

205 4089 211 4104 ⁸
300 4076 444 4141 nistrae
462 4094 581 4160 usque
597 4074 724 4137 einum
748 4075 952 4139 sinistrum
965 4118 975 4150 ‚
987 4077 1054 4141 ubi
1076 4077 1163 4142 dein
1182 4079 1227 4142 ad
1243 4095 1343 4142 mar·

299 4177 428 4262 ginem
449 4179 702 4258 posteriorem
731 4178 772 4240 in
793 4179 949 4260 planam
975 4181 1097 4244 cordis
1119 4181 1257 4245 faciem
1287 4201 1342 4244 re·

295 4280 487 4356 flectitur,
510 4278 742 4368 proprioque
770 4281 897 4361 sulco,
917 4283 1044 4348 sinum
1076 4283 1339 4368 pulmonalem
1424 4295 1425 4304 ’
