2956 4996
255 367 473 434 Sacr.1.Da
493 379 666 446 oremus
690 382 830 436 sanam
854 387 1110 444 nucum-raus.
1152 392 1216 460 2¹9

172 529 260 577 rum
290 507 583 576 absorbentium
609 497 743 594 plexus
770 504 856 576 cum
887 515 1084 599 glandulis
1115 519 1219 604 lym·

172 613 366 700 phatici's,
386 633 481 677 vasa
508 613 742 677 mammaria
763 613 942 692 interna,
963 615 1097 684 antica
1115 623 1219 703 peri·

170 717 295 782 cardii
313 719 464 800 pars'et
485 714 610 796 major
630 715 759 798 thymi
781 717 911 798 portio
931 721 1218 800 recondunturg

170 821 376 906 posthaec
398 837 462 882 cor
474 857 485 894 ‚
502 817 719 899 pericardio
754 818 944 900 inclusum
976 823 1134 904 haeret3
1156 825 1220 888 de.

172 923 291 1007 nique
328 941 428 1008 pons
463 919 722 1002 pericardium
751 927 790 984 et
829 927 919 986 ante
952 926 1221 1012 vertebrarum

174 1033 398 1096 columnam
420 1045 557 1090 cavum
579 1025 805 1090 mediastini
826 1033 883 1090 est
902 1020 1159 1110 posticum
1187 1052 1220 1098 a.

174 1133 351 1210 dorsale,
383 1129 484 1218 quod
519 1135 671 1212 praeter
696 1129 965 1214 pinguiculum
990 1133 1217 1200 cellulosum

173 1245 347 1310 textum,
367 1241 541 1310 aortam,
562 1253 654 1297 vasa
682 1234 948 1316 pulmonalia,
967 1257 1106 1302 venam
1131 1257 1218 1321 azy-

175 1361 288 1430 gam,
311 1337 514 1423 glandulas
544 1335 694 1420 aliquas
728 1335 987 1420 lymphaticas
1007 1381 1017 1416 ‚
1040 1339 1219 1404 tracheae

173 1445 297 1511 finani
317 1461 402 1505 cum
422 1439 685 1506 broncborum
707 1438 853 1512 initiis,
874 1441 1085 1520 maximam
1111 1463 1217 1507 oeso-

171 1547 294 1633 phagi
315 1549 466 1632 partem
489 1547 527 1608 e't
552 1541 710 1610 ductum
730 1543 972 1612 thoracicum
990 1548 1217 1632 complecti·

174 1661 253 1720 tur.

259 1815 409 1898 Accipit
444 1815 580 1900 pleure
600 1797 763 1882 arterias
788 1836 812 1880 a
832 1793 1220 1900 mammariis'inter'-
1324 1875 1326 1882 .

176 1924 263 1998 nis,
295 1921 607 1986 intercostalibus
640 1927 677 1988 et
706 1919 793 1984 aliis
827 1920 969 1986 vicinis
999 1923 1145 2000 ramis,
1176 1923 1218 1988 in
1246 1907 1249 1914 ⁴

173 2023 379 2110 superficie
400 2030 691 2106 procurrentes,
714 2044 829 2108 quae,
858 2025 900 2088 in
920 2027 1075 2090 vascula
1096 2027 1218 2110 capil-

176 2129 281 2195 laria
301 2126 551 2202 extenuatae,
578 2130 772 2188 texturam
796 2125 875 2204 ejus
896 2127 1079 2210 subeunt,
1102 2147 1222 2211 appa·

174 2236 380 2316 ratumque
396 2229 642 2321 exhalantem
658 2229 900 2294 constituunt
922 2231 1085 2316 (§.'1o8.).
1109 2233 1222 2296 Prae·

47 2384 55 2396 .
174 2351 304 2418 gressa
336 2328 643 2394 inflammatione
656 2331 674 2410 ,'
699 2331 761 2418 vel
793 2332 913 2396 etiam
945 2332 1223 2412 iniectionibus
1255 2367 1261 2384 ι

176 2459 224 2502 ex
245 2439 337 2501 voto
359 2431 668 2509 succedentibus,
693 2455 787 2498 vasa
806 2435 902 2498 haec
925 2429 1084 2520 'optime
1104 2459 1225 2522 appa·

177 2544 269 2607 rent
286 2539 346 2622 a).
368 2529 464 2600 Vasa
484 2533 734 2602 absorbentia
756 2543 794 2600 et
814 2538 1021 2622 glandulae
1045 2541 1227 2626 lympha·

99 2715 106 2736 .
177 2643 280 2706 tices
303 2640 346 2706 in
365 2640 466 2704 secie
488 2649 649 2726 utraque
674 2661 814 2760 magna
841 2640 981 2704 adsunt
1003 2641 1124 2722 copia.
1147 2643 1220 2705 De·

176 2745 356 2812 stituitur
397 2745 533 2828 plaura'
580 2745 738 2820 nervis,
772 2745 820 2808 iis
863 2750 1008 2808 tamem
1046 2743 1227 2811 filamen·

178 2846 255 2920 tie,
282 2867 378 2932 quae
407 2865 494 2910 cum
529 2845 780 2946 capillaribue
814 2844 978 2913 vasculis
1012 2844 1224 2919 adcedunt,

184 2950 373 3034 exceptis,
396 2949 530 3013 unde⁸
520 2970 561 3013 ιιι
581 2938 750 3028 nurmali
778 2954 906 3026 statu,
928 2948 1029 3034 quod
1059 2946 1104 3010 de
1133 2967 1225 3010 cun·

180 3052 254 3130 ctis
279 3054 418 3118 sororis
451 3054 687 3118 membranis
719 3053 986 3137 praecepimus
1017 3049 1076 3134 (ς
1100 3033 1170 3132 1s9
1185 3053 1227 3136 ),

178 3155 340 3242 ipsaque
360 3157 626 3246 experimenta
646 3157 895 3259 ostenderunt
911 3155 969 3242 b),
995 3155 1228 3254 omnicaret

183 3281 309 3326 sensu.

265 3424 431 3490 Exhalat
464 3421 590 3488 libera
619 3425 775 3508 pleurae
805 3401 1038 3506 superficies
1056 3439 1228 3488 aerosum

182 3545 401 3610 vaporem,
427 3528 471 3592 iu
498 3523 599 3590 vivia
629 3527 866 3590 animalibus
898 3526 1057 3592 thorace
1091 3529 1224 3608 aperto

182 3635 435 3714 avolantem,
447 3631 489 3696 in
506 3633 689 3698 cadavere
708 3653 799 3714 vero
821 3633 863 3696 in
878 3631 1051 3716 guttulas
1074 3631 1242 3714 aliquot,

86 3809 88 3811 ,
181 3725 499 3804 concrescentem
522 3736 661 3802 Eadem
687 3735 961 3818 proportione,
984 3752 1059 3818 qua
1088 3751 1227 3814 evapo-
1255 3735 1262 3751 ⁴

179 3848 267 3918 rat,
286 3839 327 3903 in
357 3859 451 3904 sano
476 3843 580 3904 statu
603 3840 635 3902 is
657 3840 876 3904 resorbetur
905 3854 971 3919 per
1001 3854 1093 3898 vasa
1124 3833 1226 3916 lym·
1303 3835 1307 3842 ’

56 3943 61 3958 “
140 3957 147 3973 “
180 3945 342 4032 phatica
372 3945 522 4026 liquor3
549 3943 775 4034 perturbato
807 3944 934 4004 autem
965 3934 1223 4026 aequilibrio,
1268 4023 1272 4028 Ι

180 4037 344 4124 humor,
364 4047 468 4134 utin
485 4046 903 4130 hydrothoraoesaepe
925 4045 982 4104 est
993 4085 1005 4118 ,
1025 4039 1073 4102 ad
1094 4039 1221 4120 plures
1323 4065 1325 4084 ·

181 4155 304 4219 libras
325 4153 538 4231 cumulari,
557 4157 619 4216 vel
649 4151 774 4216 etiam
801 4145 1007 4231 depravari
1029 4143 1070 4206 iu
1100 4145 1222 4206 mate·

182 4259 283 4326 riam
313 4249 570 4342 purilormem
595 4263 736 4343 potest.
770 4253 928 4340 vaporis
960 4251 1039 4335 ejus
1070 4247 1221 4347 iontem
