2898 4992
481 325 878 434 manumissores
1045 337 1050 344 '
1164 337 1232 422 lili
1309 391 1312 414 .

183 476 310 534 nunus
333 463 576 546 crediderunt
592 471 678 558 tt),
698 470 899 560 ipsamque
925 469 1132 540 materiem
1162 472 1224 544 inr

177 571 299 636 ternis
320 591 501 638 vesorum
530 571 743 654 parietibus
777 575 992 658 adplicari,
1019 583 1135 661 atqua
1169 578 1229 640 es-

174 677 288 742 fundi
313 677 355 741 in
377 676 559 740 celluloso
581 681 689 740 textu
702 717 712 750 ,
731 677 901 762 adeoque
924 675 1117 761 duplicem
1145 699 1223 744 esse

178 779 436 844 nutritionem
448 780 668 854 ‚internam
687 785 724 844 et
755 783 977 854 externam,
1002 780 1227 848 docuerunt.
1346 815 1348 822 v

49 904 53 912 ·
175 877 235 944 Era
257 883 435 946 Danwrn
450 881 598 966 ,cuique
616 881 806 956 ,animalis
834 883 1004 966 corporis
1031 883 1134 964 parti
1163 903 1228 968 pe.

176 983 362 1046 culiarem
384 983 528 1047 tribuit
551 983 790 1064 appetitum,
811 1003 884 1070 quo
903 1005 964 1048 eas
996 983 1072 1047 sibi
1102 989 1226 1048 attra-¹

173 1087 245 1152 hat
274 1107 318 1151 ex
330 1087 510 1156 universa
521 1087 722 1168 sanguinis
735 1107 861 1156 massa
878 1088 1112 1170 particulas,
1128 1106 1227 1174 quae

173 1209 265 1254 suaa
289 1188 520 1272 respondent
543 1195 706 1253 naturae
730 1197 766 1253 et
780 1187 1129 1278 necessitudinis).
1141 1191 1219 1258 cel.

173 1296 274 1360 Rem
298 1294 503 1368 materiam
524 1294 768 1378 peregrinam
789 1295 981 1358 formatae
1004 1292 1081 1372 jam
1116 1312 1228 1378 orga-

175 1388 285 1458 nicae
306 1395 496 1458 materiae
528 1395 763 1458 extrinsecus
784 1393 974 1479 applicari
1007 1394 1118 1458 docet
1151 1394 1227 1484 h),

177 1495 350 1583 dicitque
370 1515 454 1560 eam
473 1497 778 1580 parchemicam
800 1496 1048 1562 adfinitatem
1062 1499 1224 1580 attrahi,

177 1617 321 1688 perque
341 1598 500 1670 modum
528 1598 776 1668 animalis
804 1601 1229 1686 crystallisatio-

174 1703 254 1766 nis
276 1702 317 1765 in
337 1702 599 1770 substantiam
618 1701 782 1766 formari
794 1695 1018 1786 organicam
1031 1701 1084 1788 c).
1108 1701 1222 1769 Phlo-

177 1806 362 1892 gisticum
393 1805 564 1870 accidere
594 1825 811 1892 processum
842 1803 884 1872 in
923 1801 1155 1874 arteriarum
1188 1814 1229 1874 at

177 1927 367 1974 venarum
388 1907 594 1986 confiniis,
616 1907 815 1973 vitalitate
835 1911 1113 1994 gubernatum,
1149 1931 1224 1996 quo

180 2013 436 2097 exygenium,
459 2032 481 2076 a
502 2013 685 2092 sanguine
699 2013 739 2074 in
752 2012 1001 2096 pulmonibus
1015 2020 1225 2102 receptum,
1311 1998 1315 2007 ¹

176 2137 264 2182 cum
286 2117 490 2182 carbonico
515 2123 553 2180 et
574 2117 1225 2203 aliisinflammabilibusjungitur,

173 2221 361 2288 materiae
384 2220 586 2302 organicae
609 2219 838 2285 vicissitudo
860 2221 1038 2306 ponitur,
1062 2224 1222 2310 ipsaque

175 2323 276 2388 fibra
298 2321 478 2390 animalis
504 2322 701 2401 nutritur,
728 2323 798 2386 cal.
833 2323 1013 2388 Basrtms
1046 2331 1226 2390 autumat

169 2424 229 2510 d).
257 2425 591 2510 simplicissimam
612 2409 701 2488 vero
734 2426 900 2490 humani
930 2428 1103 2509 corporis
1134 2429 1223 2494 tun-

175 2531 341 2628 ctionem
365 2531 490 2614 ipsam
513 2546 590 2596 esse
620 2528 881 2620 nutritionem
914 2530 1000 2602 Ern.
1035 2529 1225 2600 Rnsrnun

171 2634 467 2718 pronunciavit,
493 2632 652 2708 docens,
673 2629 908 2714 gelatinam,
930 2617 1000 2714 p'ro
1022 2653 1064 2699 eo
1089 2653 1224 2708 mune·

173 2755 215 2804 re
236 2736 348 2802 unice
370 2743 529 2820 aptam,
551 2755 618 2820 per
643 2735 888 2818 spongiosam
912 2737 1225 2824 materiam,qua

55 2855 58 2864 ·
174 2837 284 2906 nulla
308 2843 413 2902 caret
434 2837 559 2912 fibra,
583 2836 745 2922 imbibi,
765 2842 803 2904 et
827 2837 907 2911 hac*
930 2838 1082 2907 ratione
1113 2843 1223 2934 quas·

174 2945 399 3031 visnutriri
418 2949 548 3030 partes
571 2939 646 3037 e)·'
667 3033 685 3064 Ι

259 3091 310 3153 Ex
332 3087 380 3154 iis
400 3093 667 3173 autam,quae
690 3091 806 3173 paule
831 3093 919 3152 ante
945 3087 1221 3172 praecepimus,

179 3191 361 3274 adparet,
383 3173 623 3256 ablationem
645 3197 684 3255 at
705 3193 987 3274 adpositionem
1009 3191 1220 3276 particula·

133 3276 147 3302 ⁸
171 3314 257 3360 rum
277 3293 412 3358 eodem
429 3294 653 3377 contingere
674 3300 847 3376 tempore
859 3331 869 3367 ,
893 3292 1032 3364 iisdem
1057 3296 1218 3362 suscite-

171 3401 207 3464 ri
228 3398 373 3472 causis,
396 3402 434 3460 et
457 3396 499 3470 in
531 3398 638 3460 omni
670 3395 858 3460 materiae
888 3397 1092 3478 organicae
1120 3417 1218 3483 pun·

171 3494 259 3580 cto}
280 3501 511 3565 intrinsecus
529 3498 678 3581 pariter
699 3517 741 3566 ae
764 3498 813 3588 in
829 3497 1052 3582 superficie,
1067 3500 1217 3566 accida·

172 3625 225 3670 re.
249 3605 395 3670 intima
417 3603 522 3670 enim
541 3601 589 3668 fit
618 3605 805 3669 materiae
838 3606 1029 3670 nutritiae
1062 3612 1099 3670 et
1128 3607 1217 3671 sub·
1333 3625 1335 3632 ’

170 3707 339 3772 stantiae·
362 3707 568 3789 organicae
589 3707 834 3789 penetratio,
851 3713 889 3772 at
911 3711 1117 3774 suscitatur
1145 3728 1215 3791 per

168 3825 387 3892 processum
405 3807 727 3894 biodynamicum
746 3809 918 3896 analysis
938 3810 1069 3892 priua,
1093 3829 1136 3876 ac
1150 3808 1214 3876 de·
1286 3831 1290 3849 ³

171 3930 279 3976 mum
299 3907 493 3993 synthesis
528 3931 651 3986 nova,
680 3917 723 3974 ut
757 3911 853 3978 adeo
885 3909 1025 3991 duplex
1054 3909 1216 3992 prodeat

169 4016 392 4092 secretionis
404 4013 634 4098 productum
650 4039 659 4078 r
673 4037 814 4092 unum,
839 4013 938 4102 quod
958 4014 1128 4100 formam
1142 4016 1213 4083 ha·

166 4120 235 4188 bet
255 4116 473 4203 liquidam,
499 4125 536 4184 et
550 4124 751 4208 tamquam
773 4139 862 4204 pars
892 4117 1018 4181 minus
1049 4115 1209 4197 idonea,

163 4240 232 4307 per
253 4239 346 4287 vaae
363 4221 622 4304 resorbentia,
640 4223 703 4294 val
722 4241 788 4310 per
813 4219 1053 4294 exorationes
1080 4224 1209 4296 varies
1234 4259 1236 4265 Α
1353 4267 1358 4278 ·
