2956 4996
266 429 326 494 282
425 418 560 485 tin-1.
582 418 672 484 cnr.
693 418 756 482 111.
781 394 839 482 D'n
867 369 1171 482 unsriisrrons.

356 559 479 626 Aliter
497 545 625 624 autem
655 557 827 622 sentiunt
853 557 902 620 lo
925 558 1089 623 cissos
1104 601 1115 634 ,
1133 559 1308 622 nissen-

273 669 581 740 rnsrz‚Atnsu,
601 663 1012 737 Tuousou,Bosrocs
1035 667 1071 725 et
1094 663 1306 728 Tnsvins-

272 752 341 834 nus
362 769 431 850 a),
451 766 515 854 qui
535 766 767 852 oxygonium
786 783 863 846 per·
873 765 1099 848 sanguinem
1128 765 1306 829 absorbe·

268 872 318 946 ri,
333 872 531 958 ipsumque
553 867 702 935 eciclum
722 869 967 936 carbonicum
987 867 1028 930 in
1047 887 1202 949 corpore
1223 870 1307 932 uni·

267 979 376 1037 verso¹
394 972 570 1057 generari
590 970 843 1054 praecipiunt.
867 971 1011 1034 Dicunt
1035 991 1188 1054 nempe,
1212 989 1305 1055 oxy·
1342 995 1346 1004 ·

271 1078 427 1158 genium
450 1077 491 1140 in
510 1075 758 1158 pulmonibus
779 1078 989 1139 attractum
1014 1094 1098 1138 cum
1117 1077 1315 1158 'sanguine'

151 1247 158 1263 ,
269 1177 408 1242 leviter
434 1183 588 1246 tentum
615 1178 841 1252 cohaerere,
864 1175 963 1242 unde
994 1161 1138 1244 laetum
1162 1179 1303 1262 accipit

178 1353 186 1366 ,
269 1278 459 1354 coloremr
482 1279 630 1343 tardius
661 1285 773 1354 vero,
802 1277 871 1342 ubi
898 1279 1038 1344 humor
1072 1299 1139 1362 per
1171 1297 1309 1362 corpus

272 1381 475 1456 circumit,
492 1381 732 1464 'principium
759 1379 861 1450 idem
887 1401 973 1447 cum
1001 1381 1242 1466 hydrogenio
1266 1388 1305 1448 et

271 1484 475 1546 sorbonico
512 1485 638 1561 uniri,
668 1503 741 1569 quo
780 1489 862 1548 ater
903 1483 939 1546 ei
970 1483 1158 1551 tribuitur
1189 1485 1307 1550 color.

269 1587 406 1649 Censet
441 1587 757 1661 Hssssurnsrz,
781 1584 1002 1668 opinionem
1032 1587 1133 1652 hanc
1166 1607 1232 1670 per
1267 1585 1308 1650 id

272 1688 444 1765 firmari,
467 1693 568 1776 quod
599 1692 708 1776 niger
737 1692 916 1775 sanguis,
941 1698 990 1756 ut
1014 1693 1218 1758 Founcnou
1239 1691 1308 1756 od·

269 1793 409 1867 vertit,
432 1793 479 1854 ab
503 1793 669 1856 admisto
693 1794 880 1878 oxygonio
903 1795 944 1858 in
965 1793 1149 1860 floridum
1179 1800 1307 1858 muta·

269 1897 330 1955 tus
343 1933 353 1965 ‚
376 1899 503 1960 atrum
526 1894 672 1958 tordius
694 1901 890 1976 recuperet
911 1897 1098 1978 colorem,
1120 1897 1192 1962 etsi
1214 1913 1308 1980 oxy·

198 2017 199 2025 ¹
268 1996 377 2080 genii
400 1995 563 2066 influxui
596 2003 816 2060 constanter
843 2000 1035 2082 expositus
1068 2005 1221 2062 moneat
1244 2000 1309 2083 b).

268 2103 324 2184 Eu
345 2123 387 2164 eo
402 2101 529 2189 ,etism
560 2109 638 2178 est,
661 2111 705 2170 ut
733 2104 837 2170 idem
870 2113 996 2171 censet
1028 2113 1183 2184 auctor,
1206 2105 1308 2191 quod

271 2204 423 2268 acidum
446 2207 771 2290 oxymuriaticum
793 2207 1020 2292 sanguinem
1043 2215 1125 2272 atro
1154 2209 1308 2274 imbuet

271 2307 429 2396 colore,
465 2308 638 2393 quodque
668 2309 807 2374 humor
844 2310 1050 2376 arteriosus
1083 2311 1124 2372 in
1159 2311 1306 2373 tubulis

270 2404 479 2484 hermetice
507 2411 806 2476 clausis‘venoso
828 2410 984 2476 tandem
1007 2411 1144 2476 similis
1171 2411 1307 2476 redde-

270 2516 345 2576 tur.
371 2511 460 2574 Inde
483 2513 601 2576 etism
622 2513 878 2598 intelligitur,
900 2533 1015 2597 quare
1033 2514 1189 2598 sanguis
1208 2521 1308 2588 erte·

164 2633 166 2636 ·
272 2615 394 2680 riosus
412 2615 457 2678 in
481 2622 590 2698 porte
620 2617 751 2701 eliqua
779 2618 949 2706 corporis
977 2613 1142 2696 effusus,
1165 2618 1228 2680 vel
1248 2617 1309 2682 in-

274 2722 335 2780 tra
358 2717 540 2780 arteriam
563 2716 772 2801 deligatum
793 2718 974 2792 haerens,
996 2722 1039 2780 ut
1058 2719 1220 2784 Huurltu
1244 2739 1309 2782 ox·

272 2824 402 2902 pertus
425 2824 504 2895 est,
525 2822 634 2904 niger
654 2819 725 2883 fiat
749 2821 804 2903 c).
828 2822 1002 2906 Denique
1026 2826 1175 2888 constet
1197 2841 1307 2902 expe·

273 2922 452 3012 rimantis
480 2922 957 3004 Spellenzenicnis,
990 2921 1090 3006 quod
1121 2923 1309 2986 mollusce

273 3023 487 3110 quaedum,
522 3019 668 3086 insecta
694 3027 738 3088 'et
761 3045 932 3100 vermes,
960 3024 1042 3088 e'e'ri
1071 3024 1217 3086 azotice
1241 3029 1309 3092 sut

271 3123 512 3210 hydrogenio
534 3123 814 3208 immersu‚per
832 3132 983 3210 tempus
1004 3125 1161 3210 aliquod
1177 3146 1310 3209 super..

271 3227 429 3301 vivent,
454 3245 589 3311 eosque
609 3231 714 3293 eires
738 3211 849 3293 acido
868 3227 1071 3302 cerbonico
1102 3227 1308 3310 inquinent

274 3327 337 3413 d),
356 3334 391 3392 et
415 3329 584 3408 innotuit
604 3349 670 3412 per
692 3331 724 3394 ll
737 3332 842 3416 utmb
855 3329 1094 3420 oldtiane
1122 3329 1307 3412 periculo,

274 3433 487 3498 crocodilos
509 3435 621 3520 longe
644 3436 829 3522 mojorem
846 3455 1028 3520 generare
1049 3437 1150 3500 acidi
1172 3436 1306 3499 cerbo—
1360 3465 1363 3472 ·
1417 3474 1420 3480 ·

272 3538 352 3600 nici
378 3544 552 3622 copiam,
575 3563 688 3628 quem
719 3544 902 3628 oxygenii
930 3543 982 3606 sit
1005 3539 1220 3612 consumtio
1252 3542 1306 3622 (ς.

272 3653 345 3721 334·
367 3644 465 3730 ΙΙΙ.),
486 3644 586 3710 uncle
603 3644 752 3709 credere
775 3645 975 3718 debemus,
1000 3641 1236 3726 principium
1257 3640 1307 3702 il-

257 3743 340 3808 ·lud
371 3745 413 3808 in
440 3767 597 3830 corpore
626 3735 803 3812 universo
835 3745 1021 3831 generari.
1053 3747 1211 3812 Censent
1239 3761 1311 3804 au«,

272 3855 354 3914 tem
375 3851 619 3914 corbonicum
643 3850 683 3915 in
703 3856 804 3916 stetu
830 3848 1105 3936 hemioxydeto
1126 3845 1307 3929 sanguini

274 3973 415 4016 venoso
439 3951 647 4038 inesses),
676 3955 737 4016 cui
761 3951 937 4036 opinioni
958 3953 1137 4016 Bosrocu
1157 3949 1307 4036 sliquos

275 4055 451 4120 obmovit
471 4055 719 4120 difficultates
737 4057 788 4142 f).

278 4225 282 4234 ·
304 4247 312 4260 .
356 4201 397 4283 n)
412 4183 634 4290 ‘Credebant
655 4201 726 4266 alii
748 4208 836 4285 post
863 4201 1112 4275 stotsttn,
1133 4201 1177 4262 ut
1197 4215 1307 4280 supe·

273 4303 353 4370 rius
370 4303 421 4388 (ς.
438 4319 513 4390 334.
537 4310 603 4396 11.)
629 4309 707 4395 jorn
728 4311 1138 4393 commemoravimus,
1162 4307 1306 4394 hydro-
