2912 5000
272 415 339 498 ⁴1⁶
390 411 479 478 ms.
492 410 520 475 1.
534 408 766 506 cenvtDe
786 421 971 474 orsourrc
984 428 1216 482 censurius.

271 556 414 635 dente,
443 553 571 618 textus
611 549 789 614 cellulosi
818 571 920 634 ope,
950 555 1325 635 centro'tendineo,

269 669 386 747 atque
407 656 678 722 sinistrorsum
698 673 880 720 carnosae
902 655 1213 744 diaphragmatis
1237 681 1331 744 per·-

268 767 329 839 ti,
362 762 503 829 leviter
532 759 575 824 in
613 758 820 840 iuvenibus
847 766 885 826 et
913 761 1057 828 fortius
1085 765 1129 830 in
1165 747 1328 832 adultis.

268 868 447 942 Nectitur
469 868 670 948 praeterea
692 862 876 948 utrinque
900 883 988 931 cum
1009 864 1240 932 mediastini
1267 867 1328 932 la-

135 981 140 996 '
269 971 414 1048 minis,
433 969 550 1054 atque
567 971 678 1049 parte
701 964 841 1050 exigua
863 985 950 1030 cum
975 968 1097 1034 sterni
1115 971 1336 1052 periosteo,

267 1097 360 1144 rara
380 1080 419 1140 et
447 1071 677 1158 pinguicula
703 1091 817 1154 saepe
847 1070 1112 1138 intercedente
1144 1074 1333 1142 cellulosa

266 1181 361 1249 tela·
397 1179 626 1244 coarctetur
653 1172 917 1258 pericerdium
938 1193 1055 1256 supra
1084 1195 1149 1240 cor
1175 1179 1217 1241 in
1236 1199 1328 1260 pro-

269 1303 419 1350 cessum
451 1281 666 1354 obtusum,
699 1283 932 1344 extenuatur
963 1278 1092 1344 simul¹
1110 1285 1150 1343 et
1177 1281 1327 1347 format

148 1429 152 1444 .
268 1385 523 1474 appendices,
545 1401 644 1468 quee
661 1381 766 1446 vasis
796 1382 951 1466 magnis
972 1382 1022 1446 ed
1042 1382 1217 1469 aliquem
1240 1388 1332 1450 lon-

266 1491 487 1580 gitudinem
514 1487 677 1572 vaginas
708 1485 962 1572 largiuntur,
997 1489 1167 1554 extimae
1192 1511 1348 1558 eorum,

265 1598 424 1666 tunicae
444 1601 549 1662 erute
571 1593 847 1672 adhaerentes,
866 1601 910 1658 ut
928 1585 1028 1662 adeo¹
1056 1597 1197 1663 infleto
1220 1599 1327 1682 peri·

269 1701 401 1768 cardio
425 1704 591 1786 quatuor
620 1697 795 1776 referant
825 1715 972 1762 cornua
993 1702 1047 1785 t).
1083 1697 1197 1766 Redit
1227 1707 1332 1764 atte-

261 1803 390 1869 huata
408 1796 620 1886 pericsrdii
641 1798 776 1864 tunica
798 1819 820 1862 a
842 1799 947 1864 vasis
975 1800 1193 1880 maioribus
1214 1804 1257 1868 in
1288 1827 1331 1870 se

267 1907 397 1990 ipsam
418 1903 501 1981 ite,
522 1907 567 1968 ut
597 1901 760 1985 vaginas
792 1922 856 1968 ees
890 1903 1037 1988 duplici
1064 1909 1211 1990 pagina
1232 1928 1328 1974 con-

267 2017 374 2078 stare
395 2007 615 2090 intelliges,
636 2007 742 2092 cujus
765 2007 953 2086 interior,
972 2011 1333 2096 subtiliormulto,

266 2132 487 2182 serosarum
506 2111 729 2181 tunicarum
752 2131 859 2189 more
879 2110 931 2198 (ς,
955 2116 1066 2202 ssa),
1082 2123 1151 2200 'per
1172 2136 1332 2184 omnem

184 2307 187 2314 γ
264 2217 464 2284 ambitum
485 2215 617 2296 cordi,
634 2214 813 2284 cellulosi
834 2221 962 2284 textus
983 2222 1076 2307 ope,
1098 2218 1333 2290 firmissimo

270 2319 526 2388 adhaerescit.
980 2353 1000 2384 μ

354 2445 523 2516 Externa
550 2444 749 2512 revolutae
780 2443 895 2531 hujus
923 2467 1073 2512 scrosee
1102 2450 1331 2520 mitreeta·
1449 2453 1450 2491 l

268 2552 370 2628 cies,
390 2557 477 2621 tum
499 2571 563 2631 ea,
576 2569 673 2636 quae
694 2569 831 2614 cavum
851 2553 1020 2635 pectoris
1040 2553 1199 2636 respicit
1210 2559 1333 2631 ,tum

269 2659 368 2734 illa,
393 2675 491 2744 quae
513 2654 620 2720 cordi
643 2651 884 2731 adnectitur,
906 2655 955 2720 ah
979 2656 1216 2725 adhaerente
1250 2657 1334 2722 cel·
1447 2691 1448 2706 1

268 2764 396 2832 luloso
418 2748 528 2828 textu
560 2779 693 2843 aspere
722 2763 797 2850 est,
827 2759 1004 2824 internae
1038 2766 1168 2826 autem
1191 2781 1329 2843 euper-

269 2865 405 2942 ficies,
440 2864 517 2931 sihi
554 2865 781 2948 oppositae,
813 2863 1330 2970 pericardiimcntpeuinte·
1445 2915 1446 2929 ,

268 2975 374 3052 rior,
398 2980 435 3042 et
458 2969 582 3059 cordis
606 2969 773 3036 exterior
791 2973 1074 3050 facies,lasves
1094 2977 1212 3052 sunt',
1231 2993 1335 3062 eque

268 3079 432 3144 humore
459 3096 587 3142 seroso
611 3074 790 3157 madidae
809 3083 860 3158 vet
888 3077 1115 3143 lubricatae.
1149 3079 1333 3146 Artes-iae

218 3225 219 3232 1
270 3183 377 3247 enim
422 3181 647 3246 exhalantes
682 3199 869 3263 vaporem
905 3182 1092 3246 continuo
1123 3191 1335 3250 secernunt

271 3289 349 3374 es),
370 3285 632 3370 pericerdium
654 3283 973 3367 protendentem,
996 3286 1147 3362 tunicae
1169 3289 1330 3354 emolli·

271 3397 401 3455 entem
424 3395 462 3455 et
487 3389 774 3472 lubricantem,
806 3409 880 3474 quo
912 3389 1037 3455 cordis
1070 3391 1257 3460 adfrictue
1288 3401 1332 3460 et

270 3495 437 3562 coelitus
465 3495 694 3578 impeditur.
727 3494 819 3558 Abit
853 3495 884 3560 is
913 3495 1095 3572 halitus,
1126 3495 1206 3560 nisi
1238 3497 1330 3580 peri
1439 3567 1440 3587 χ

269 3596 540 3696 proportione,
563 3619 638 3684 que
666 3597 902 3678 secernitur,
924 3619 947 3662 e
975 3599 1077 3662 vasis
1107 3598 1331 3684 lymphati·

270 3707 325 3770 cis
357 3706 624 3778 resorbentur,
651 3703 693 3768 in
724 3702 937 3783 liquidum,
962 3701 1063 3788 quod
1088 3721 1219 3786 aque
1255 3721 1334 3784 pe·

207 3847 210 3856 ¹
264 3808 495 3878 ricardii
526 3808 700 3882 dicitur,
714 3808 820 3888 cujus
846 3806 955 3888 copia
977 3807 1018 3870 in
1040 3796 1160 3871 variis
1180 3805 1332 3870 indivi·

270 3912 359 3976 duis
381 3913 492 3978 varia
512 3917 580 3978 est.
604 3913 645 3976 In
667 3909 827 3975 homine
850 3917 887 3974 et
911 3910 1174 3983 animalibus,
1194 3909 1333 3976 subite

269 4025 396 4082 morte
413 4012 621 4100 peremtis,
648 4013 715 4076 ubi
735 4033 871 4076 cavum
892 4012 1106 4095 poricerdii
1126 4033 1224 4078 mox·
1240 4035 1336 4096 ape·
1434 4065 1435 4090 ,

270 4122 397 4200 ritur,
421 4139 558 4202 perum
588 4117 766 4199 saepe'de
791 4137 834 4180 eo
859 4118 1045 4190 humore,
1071 4117 1136 4202 qui
1168 4119 1330 4200 vaporis
1432 4133 1434 4174 l

270 4228 505 4297 formatum
527 4223 733 4305 diripitur,
756 4222 977 4302 invenitur,
998 4227 1041 4284 ut
1063 4221 1157 4284 adeo
1183 4221 1333 4286 siccum

268 4334 386 4434 plane
418 4331 552 4420 eliqui-
577 4329 806 4402 invenerint
834 4329 876 4396 id
911 4329 1227 4416 conceptaculum
1258 4328 1335 4450 εὶς

1046 4464 1050 4471 .
1290 4453 1336 4512 m
