<?xml version="1.0" encoding="UTF-8"?>
<!DOCTYPE html PUBLIC "-//W3C//DTD XHTML 1.0 Transitional//EN"
    "http://www.w3.org/TR/xhtml1/DTD/xhtml1-transitional.dtd">
<html xmlns="http://www.w3.org/1999/xhtml" xml:lang="en" lang="en">
 <head>
  <title>
</title>
<meta http-equiv="Content-Type" content="text/html;charset=utf-8" />
  <meta name='ocr-system' content='tesseract 3.04.00' />
  <meta name='ocr-capabilities' content='ocr_page ocr_carea ocr_par ocr_line ocrx_word'/>
</head>
<body>
  <div class='ocr_page' id='page_1' title='image "./physiologiamedi03lenhgoog_0225.png"; bbox 0 0 2956 4996; ppageno 0'>
   <div class='ocr_carea' id='block_1_1' title="bbox 278 319 1293 470">
    <p class='ocr_par' dir='ltr' id='par_1_1' title="bbox 278 319 1293 470">
     <span class='ocr_line' id='line_1_1' title="bbox 278 319 1293 470; baseline 0.004 -26"><span class='ocrx_word' id='word_1_1' title='bbox 278 385 343 468; x_wconf 51' lang='lat' dir='ltr'><strong>seli¹</strong></span> <span class='ocrx_word' id='word_1_2' title='bbox 376 385 377 390; x_wconf 77' lang='grc'>’</span> <span class='ocrx_word' id='word_1_3' title='bbox 425 373 512 444; x_wconf 79' lang='lat' dir='ltr'><strong>Lm.</strong></span> <span class='ocrx_word' id='word_1_4' title='bbox 533 372 563 446; x_wconf 90' lang='lat'><strong>1.</strong></span> <span class='ocrx_word' id='word_1_5' title='bbox 580 321 674 442; x_wconf 47' lang='grc' dir='ltr'><strong>δὴ.</strong></span> <span class='ocrx_word' id='word_1_6' title='bbox 691 372 755 442; x_wconf 82' lang='grc' dir='ltr'><strong>ΙΙΙ.</strong></span> <span class='ocrx_word' id='word_1_7' title='bbox 777 375 837 442; x_wconf 81' lang='lat' dir='ltr'><strong>Dn</strong></span> <span class='ocrx_word' id='word_1_8' title='bbox 860 384 1178 470; x_wconf 70' lang='lat' dir='ltr'><strong>nasrrntrronn.</strong></span> <span class='ocrx_word' id='word_1_9' title='bbox 1278 319 1293 384; x_wconf 25' lang='lat' dir='ltr'><strong>l&#39;</strong></span> 
     </span>
    </p>
   </div>
   <div class='ocr_carea' id='block_1_2' title="bbox 279 509 1321 608">
    <p class='ocr_par' dir='ltr' id='par_1_2' title="bbox 279 509 1321 608">
     <span class='ocr_line' id='line_1_2' title="bbox 279 509 1321 608; baseline 0.01 -23"><span class='ocrx_word' id='word_1_10' title='bbox 279 522 407 608; x_wconf 82' lang='lat' dir='ltr'><strong>quivis</strong></span> <span class='ocrx_word' id='word_1_11' title='bbox 429 509 598 588; x_wconf 85' lang='lat' dir='ltr'><strong>bronchi</strong></span> <span class='ocrx_word' id='word_1_12' title='bbox 625 535 754 588; x_wconf 84' lang='lat' dir='ltr'><strong>ramus</strong></span> <span class='ocrx_word' id='word_1_13' title='bbox 777 545 929 588; x_wconf 84' lang='lat' dir='ltr'><strong>novum</strong></span> <span class='ocrx_word' id='word_1_14' title='bbox 961 525 1127 608; x_wconf 83' lang='lat' dir='ltr'><strong>accipiat</strong></span> <span class='ocrx_word' id='word_1_15' title='bbox 1151 528 1321 595; x_wconf 75' lang='lat' dir='ltr'><strong>arteriae</strong></span> 
     </span>
    </p>
   </div>
   <div class='ocr_carea' id='block_1_3' title="bbox 169 610 1320 709">
    <p class='ocr_par' dir='ltr' id='par_1_3' title="bbox 169 610 1320 709">
     <span class='ocr_line' id='line_1_3' title="bbox 169 610 1320 709; baseline 0.01 -20"><span class='ocrx_word' id='word_1_16' title='bbox 169 630 173 636; x_wconf 82' lang='grc'><strong><em>’</em></strong></span> <span class='ocrx_word' id='word_1_17' title='bbox 277 610 492 709; x_wconf 68' lang='lat' dir='ltr'><strong>surculum</strong></span> <span class='ocrx_word' id='word_1_18' title='bbox 514 618 674 692; x_wconf 82' lang='lat' dir='ltr'><strong>abeunt</strong></span> <span class='ocrx_word' id='word_1_19' title='bbox 692 628 851 692; x_wconf 84' lang='lat' dir='ltr'><strong>tandem</strong></span> <span class='ocrx_word' id='word_1_20' title='bbox 883 647 968 694; x_wconf 84' lang='lat' dir='ltr'><strong>com</strong></span> <span class='ocrx_word' id='word_1_21' title='bbox 992 633 1173 698; x_wconf 78' lang='lat' dir='ltr'><strong>extremis</strong></span> <span class='ocrx_word' id='word_1_22' title='bbox 1206 636 1320 700; x_wconf 72' lang='lat' dir='ltr'><strong>bron-</strong></span> 
     </span>
    </p>
   </div>
   <div class='ocr_carea' id='block_1_4' title="bbox 202 731 1455 2063">
    <p class='ocr_par' dir='ltr' id='par_1_4' title="bbox 202 731 1455 2063">
     <span class='ocr_line' id='line_1_4' title="bbox 242 731 1322 826; baseline 0.009 -32"><span class='ocrx_word' id='word_1_23' title='bbox 242 769 245 778; x_wconf 92' lang='lat'>.</span> <span class='ocrx_word' id='word_1_24' title='bbox 276 731 436 802; x_wconf 81' lang='lat' dir='ltr'><strong>chorum</strong></span> <span class='ocrx_word' id='word_1_25' title='bbox 466 732 612 820; x_wconf 77' lang='lat' dir='ltr'><strong>tubulis</strong></span> <span class='ocrx_word' id='word_1_26' title='bbox 644 733 686 796; x_wconf 88' lang='lat' dir='ltr'><strong>in</strong></span> <span class='ocrx_word' id='word_1_27' title='bbox 715 733 873 798; x_wconf 80' lang='lat' dir='ltr'><strong>vascula</strong></span> <span class='ocrx_word' id='word_1_28' title='bbox 905 737 1132 820; x_wconf 85' lang='lat' dir='ltr'><strong>capillaria,</strong></span> <span class='ocrx_word' id='word_1_29' title='bbox 1154 757 1248 826; x_wconf 90' lang='lat' dir='ltr'><strong>quae</strong></span> <span class='ocrx_word' id='word_1_30' title='bbox 1278 744 1322 810; x_wconf 86' lang='lat' dir='ltr'><strong>in</strong></span> 
     </span>
     <span class='ocr_line' id='line_1_5' title="bbox 274 835 1321 926; baseline 0.012 -28"><span class='ocrx_word' id='word_1_31' title='bbox 274 835 455 924; x_wconf 83' lang='lat' dir='ltr'><strong>vesiculis</strong></span> <span class='ocrx_word' id='word_1_32' title='bbox 488 837 610 899; x_wconf 79' lang='lat' dir='ltr'><strong>ae‘reis</strong></span> <span class='ocrx_word' id='word_1_33' title='bbox 639 840 722 897; x_wconf 87' lang='lat' dir='ltr'><strong>tam</strong></span> <span class='ocrx_word' id='word_1_34' title='bbox 757 836 890 900; x_wconf 85' lang='lat' dir='ltr'><strong>tenuia</strong></span> <span class='ocrx_word' id='word_1_35' title='bbox 922 843 1037 914; x_wconf 89' lang='lat' dir='ltr'><strong>sunt,</strong></span> <span class='ocrx_word' id='word_1_36' title='bbox 1060 847 1103 904; x_wconf 90' lang='lat' dir='ltr'><strong>ut</strong></span> <span class='ocrx_word' id='word_1_37' title='bbox 1131 842 1321 926; x_wconf 83' lang='lat' dir='ltr'><strong>impulsus</strong></span> 
     </span>
     <span class='ocr_line' id='line_1_6' title="bbox 277 929 1320 1033; baseline 0.013 -31"><span class='ocrx_word' id='word_1_38' title='bbox 277 929 470 1004; x_wconf 74' lang='lat' dir='ltr'><strong>doloretus</strong></span> <span class='ocrx_word' id='word_1_39' title='bbox 494 929 621 1024; x_wconf 87' lang='lat' dir='ltr'><strong>liquor</strong></span> <span class='ocrx_word' id='word_1_40' title='bbox 642 945 686 1002; x_wconf 87' lang='lat' dir='ltr'><strong>ea</strong></span> <span class='ocrx_word' id='word_1_41' title='bbox 705 933 834 1004; x_wconf 87' lang='lat' dir='ltr'><strong>subire</strong></span> <span class='ocrx_word' id='word_1_42' title='bbox 854 941 920 1006; x_wconf 84' lang='lat' dir='ltr'><strong>vix</strong></span> <span class='ocrx_word' id='word_1_43' title='bbox 944 947 1110 1028; x_wconf 85' lang='lat' dir='ltr'><strong>emplius</strong></span> <span class='ocrx_word' id='word_1_44' title='bbox 1129 950 1252 1029; x_wconf 79' lang='lat' dir='ltr'><strong>possit</strong></span> <span class='ocrx_word' id='word_1_45' title='bbox 1269 951 1320 1033; x_wconf 77' lang='lat'><strong>¹&#39;).</strong></span> 
     </span>
     <span class='ocr_line' id='line_1_7' title="bbox 273 1043 1322 1126; baseline 0.009 -21"><span class='ocrx_word' id='word_1_46' title='bbox 273 1043 509 1126; x_wconf 85' lang='lat' dir='ltr'><strong>Principales</strong></span> <span class='ocrx_word' id='word_1_47' title='bbox 530 1044 763 1108; x_wconf 72' lang='lat' dir='ltr'><strong>arteriarum</strong></span> <span class='ocrx_word' id='word_1_48' title='bbox 775 1043 1064 1110; x_wconf 87' lang='lat' dir='ltr'><strong>bronchialium</strong></span> <span class='ocrx_word' id='word_1_49' title='bbox 1076 1048 1191 1126; x_wconf 79' lang='lat' dir='ltr'><strong>rami,</strong></span> <span class='ocrx_word' id='word_1_50' title='bbox 1205 1051 1322 1114; x_wconf 89' lang='lat' dir='ltr'><strong>bron·</strong></span> 
     </span>
     <span class='ocr_line' id='line_1_8' title="bbox 274 1133 1321 1224; baseline 0.009 -11"><span class='ocrx_word' id='word_1_51' title='bbox 274 1151 432 1213; x_wconf 85' lang='lat' dir='ltr'><strong>chorum</strong></span> <span class='ocrx_word' id='word_1_52' title='bbox 463 1145 582 1211; x_wconf 77' lang='lat' dir='ltr'><strong>‘ramis</strong></span> <span class='ocrx_word' id='word_1_53' title='bbox 617 1133 823 1224; x_wconf 73' lang='lat' dir='ltr'><strong>adsociati,</strong></span> <span class='ocrx_word' id='word_1_54' title='bbox 842 1149 1010 1212; x_wconf 89' lang='lat' dir='ltr'><strong>surculos</strong></span> <span class='ocrx_word' id='word_1_55' title='bbox 1046 1136 1115 1216; x_wconf 86' lang='lat' dir='ltr'><strong>sub</strong></span> <span class='ocrx_word' id='word_1_56' title='bbox 1146 1151 1321 1224; x_wconf 73' lang='lat' dir='ltr'><strong>toro‘suo</strong></span> 
     </span>
     <span class='ocr_line' id='line_1_9' title="bbox 202 1251 1319 1342; baseline 0.005 -22"><span class='ocrx_word' id='word_1_57' title='bbox 202 1268 209 1282; x_wconf 89' lang='lat'>&#39;</span> <span class='ocrx_word' id='word_1_58' title='bbox 274 1255 601 1342; x_wconf 36' lang='lat' dir='ltr'><strong>itineresmittunt</strong></span> <span class='ocrx_word' id='word_1_59' title='bbox 624 1255 825 1329; x_wconf 82' lang='lat' dir='ltr'><strong>laterales,</strong></span> <span class='ocrx_word' id='word_1_60' title='bbox 849 1257 1071 1339; x_wconf 78' lang='lat' dir='ltr'><strong>serpentino</strong></span> <span class='ocrx_word' id='word_1_61' title='bbox 1094 1251 1319 1326; x_wconf 53' lang='lat' dir='ltr'><strong>cursu&#39;vasa</strong></span> 
     </span>
     <span class='ocr_line' id='line_1_10' title="bbox 275 1344 1321 1450; baseline 0.005 -25"><span class='ocrx_word' id='word_1_62' title='bbox 275 1345 386 1426; x_wconf 65' lang='lat' dir='ltr'><strong>aerea</strong></span> <span class='ocrx_word' id='word_1_63' title='bbox 405 1344 701 1442; x_wconf 78' lang='lat' dir='ltr'><strong>amplectentes,</strong></span> <span class='ocrx_word' id='word_1_64' title='bbox 727 1363 919 1426; x_wconf 80' lang='lat' dir='ltr'><strong>librosam·</strong></span> <span class='ocrx_word' id='word_1_65' title='bbox 939 1363 1105 1442; x_wconf 82' lang='lat' dir='ltr'><strong>istorum</strong></span> <span class='ocrx_word' id='word_1_66' title='bbox 1132 1369 1321 1450; x_wconf 81' lang='lat' dir='ltr'><strong>vaginam</strong></span> 
     </span>
     <span class='ocr_line' id='line_1_11' title="bbox 273 1467 1455 1556; baseline 0.01 -29"><span class='ocrx_word' id='word_1_67' title='bbox 273 1467 538 1549; x_wconf 88' lang='lat' dir='ltr'><strong>perforantes,</strong></span> <span class='ocrx_word' id='word_1_68' title='bbox 560 1469 704 1552; x_wconf 85' lang='lat' dir='ltr'><strong>subque</strong></span> <span class='ocrx_word' id='word_1_69' title='bbox 724 1467 800 1530; x_wconf 83' lang='lat' dir='ltr'><strong>ista</strong></span> <span class='ocrx_word' id='word_1_70' title='bbox 820 1467 869 1530; x_wconf 89' lang='lat' dir='ltr'><strong>ad</strong></span> <span class='ocrx_word' id='word_1_71' title='bbox 891 1467 1065 1554; x_wconf 84' lang='lat' dir='ltr'><strong>aliquam</strong></span> <span class='ocrx_word' id='word_1_72' title='bbox 1089 1469 1321 1538; x_wconf 82' lang='lat' dir='ltr'><strong>distantiam</strong></span> <span class='ocrx_word' id='word_1_73' title='bbox 1453 1543 1455 1556; x_wconf 30' lang='lat'><strong>⁴</strong></span> 
     </span>
     <span class='ocr_line' id='line_1_12' title="bbox 273 1565 1455 1653; baseline 0.006 -21"><span class='ocrx_word' id='word_1_74' title='bbox 273 1565 430 1653; x_wconf 85' lang='lat' dir='ltr'><strong>oblique</strong></span> <span class='ocrx_word' id='word_1_75' title='bbox 463 1568 726 1642; x_wconf 82' lang='lat' dir='ltr'><strong>decurrentes,</strong></span> <span class='ocrx_word' id='word_1_76' title='bbox 753 1590 795 1632; x_wconf 85' lang='lat' dir='ltr'><strong>ac</strong></span> <span class='ocrx_word' id='word_1_77' title='bbox 826 1569 983 1634; x_wconf 85' lang='lat' dir='ltr'><strong>tandem</strong></span> <span class='ocrx_word' id='word_1_78' title='bbox 1005 1572 1046 1636; x_wconf 86' lang='lat' dir='ltr'><strong>ln</strong></span> <span class='ocrx_word' id='word_1_79' title='bbox 1077 1571 1209 1637; x_wconf 87' lang='lat' dir='ltr'><strong>tunica</strong></span> <span class='ocrx_word' id='word_1_80' title='bbox 1233 1589 1322 1638; x_wconf 64' lang='lat' dir='ltr'><strong>mun</strong></span> <span class='ocrx_word' id='word_1_81' title='bbox 1395 1618 1397 1634; x_wconf 40' lang='lat' dir='ltr'><strong>r</strong></span> <span class='ocrx_word' id='word_1_82' title='bbox 1433 1575 1455 1649; x_wconf 59' lang='lat'><strong>,⁴</strong></span> 
     </span>
     <span class='ocr_line' id='line_1_13' title="bbox 273 1653 1455 1755; baseline 0.009 -21"><span class='ocrx_word' id='word_1_83' title='bbox 273 1690 362 1735; x_wconf 90' lang='lat' dir='ltr'><strong>cosa</strong></span> <span class='ocrx_word' id='word_1_84' title='bbox 389 1678 470 1744; x_wconf 83' lang='lat' dir='ltr'><strong>rete</strong></span> <span class='ocrx_word' id='word_1_85' title='bbox 496 1673 743 1736; x_wconf 80' lang='lat' dir='ltr'><strong>vasculorum</strong></span> <span class='ocrx_word' id='word_1_86' title='bbox 773 1673 1018 1755; x_wconf 81' lang='lat' dir='ltr'><strong>capillariam</strong></span> <span class='ocrx_word' id='word_1_87' title='bbox 1049 1675 1321 1744; x_wconf 86' lang='lat' dir='ltr'><strong>densissimum</strong></span> <span class='ocrx_word' id='word_1_88' title='bbox 1454 1653 1455 1686; x_wconf 47' lang='lat'><strong>³</strong></span> 
     </span>
     <span class='ocr_line' id='line_1_14' title="bbox 272 1770 1321 1850; baseline 0.008 -12"><span class='ocrx_word' id='word_1_89' title='bbox 272 1770 562 1850; x_wconf 59' lang='lat' dir='ltr'><strong>constituentes.</strong></span> <span class='ocrx_word' id='word_1_90' title='bbox 583 1774 746 1845; x_wconf 82' lang='lat' dir='ltr'><strong>Eaedem</strong></span> <span class='ocrx_word' id='word_1_91' title='bbox 764 1775 1011 1849; x_wconf 77' lang='lat' dir='ltr'><strong>bronchiales</strong></span> <span class='ocrx_word' id='word_1_92' title='bbox 1035 1778 1199 1850; x_wconf 76' lang='lat' dir='ltr'><strong>arteriae</strong></span> <span class='ocrx_word' id='word_1_93' title='bbox 1220 1781 1321 1846; x_wconf 77' lang='lat' dir='ltr'><strong>alios</strong></span> 
     </span>
     <span class='ocr_line' id='line_1_15' title="bbox 276 1872 1319 1962; baseline -0.001 -17"><span class='ocrx_word' id='word_1_94' title='bbox 276 1883 441 1946; x_wconf 84' lang='lat' dir='ltr'><strong>mittunt</strong></span> <span class='ocrx_word' id='word_1_95' title='bbox 461 1879 633 1960; x_wconf 80' lang='lat' dir='ltr'><strong>ramulos</strong></span> <span class='ocrx_word' id='word_1_96' title='bbox 652 1877 857 1952; x_wconf 85' lang='lat' dir='ltr'><strong>laterales,</strong></span> <span class='ocrx_word' id='word_1_97' title='bbox 883 1877 948 1962; x_wconf 88' lang='lat' dir='ltr'><strong>qui</strong></span> <span class='ocrx_word' id='word_1_98' title='bbox 979 1872 1126 1942; x_wconf 84' lang='lat' dir='ltr'><strong>textum</strong></span> <span class='ocrx_word' id='word_1_99' title='bbox 1158 1883 1319 1944; x_wconf 86' lang='lat' dir='ltr'><strong>cellulo-</strong></span> 
     </span>
     <span class='ocr_line' id='line_1_16' title="bbox 271 1957 1321 2063; baseline 0.003 -20"><span class='ocrx_word' id='word_1_100' title='bbox 271 1995 375 2051; x_wconf 82' lang='lat' dir='ltr'><strong>sum‚</strong></span> <span class='ocrx_word' id='word_1_101' title='bbox 388 1978 495 2054; x_wconf 80' lang='lat' dir='ltr'><strong>labos</strong></span> <span class='ocrx_word' id='word_1_102' title='bbox 519 1984 556 2042; x_wconf 89' lang='lat' dir='ltr'><strong>et</strong></span> <span class='ocrx_word' id='word_1_103' title='bbox 575 1975 725 2042; x_wconf 84' lang='lat' dir='ltr'><strong>lobulos</strong></span> <span class='ocrx_word' id='word_1_104' title='bbox 745 1957 1321 2063; x_wconf 69' lang='lat' dir='ltr'><strong>intercedentem,perreptant,</strong></span> 
     </span>
    </p>
   </div>
   <div class='ocr_carea' id='block_1_5' title="bbox 272 2080 1450 2177">
    <p class='ocr_par' dir='ltr' id='par_1_5' title="bbox 272 2080 1450 2177">
     <span class='ocr_line' id='line_1_17' title="bbox 272 2080 1450 2177; baseline -0.001 -28"><span class='ocrx_word' id='word_1_105' title='bbox 272 2083 446 2167; x_wconf 70' lang='lat' dir='ltr'><strong>ipsisque</strong></span> <span class='ocrx_word' id='word_1_106' title='bbox 475 2080 668 2163; x_wconf 78' lang='lat' dir='ltr'><strong>glandulis</strong></span> <span class='ocrx_word' id='word_1_107' title='bbox 684 2081 1016 2154; x_wconf 69' lang='lat' dir='ltr'><strong>rbronchialibus,</strong></span> <span class='ocrx_word' id='word_1_108' title='bbox 1040 2083 1182 2148; x_wconf 87' lang='lat' dir='ltr'><strong>tunicis</strong></span> <span class='ocrx_word' id='word_1_109' title='bbox 1206 2105 1322 2151; x_wconf 82' lang='lat' dir='ltr'><strong>vaso·</strong></span> <span class='ocrx_word' id='word_1_110' title='bbox 1421 2157 1450 2177; x_wconf 30' lang='grc'><strong>,-</strong></span> 
     </span>
    </p>
   </div>
   <div class='ocr_carea' id='block_1_6' title="bbox 210 2171 1322 2692">
    <p class='ocr_par' dir='ltr' id='par_1_6' title="bbox 210 2171 1322 2692">
     <span class='ocr_line' id='line_1_18' title="bbox 210 2171 1320 2267; baseline 0.004 -17"><span class='ocrx_word' id='word_1_111' title='bbox 210 2171 222 2228; x_wconf 53' lang='lat' dir='ltr'>s</span> <span class='ocrx_word' id='word_1_112' title='bbox 270 2209 359 2254; x_wconf 84' lang='lat' dir='ltr'><strong>rum</strong></span> <span class='ocrx_word' id='word_1_113' title='bbox 395 2184 679 2267; x_wconf 82' lang='lat' dir='ltr'><strong>pulmonalium</strong></span> <span class='ocrx_word' id='word_1_114' title='bbox 710 2189 750 2248; x_wconf 83' lang='lat' dir='ltr'><strong>et</strong></span> <span class='ocrx_word' id='word_1_115' title='bbox 779 2186 907 2248; x_wconf 86' lang='lat' dir='ltr'><strong>nervis</strong></span> <span class='ocrx_word' id='word_1_116' title='bbox 943 2187 1114 2250; x_wconf 86' lang='lat' dir='ltr'><strong>surculos</strong></span> <span class='ocrx_word' id='word_1_117' title='bbox 1144 2187 1320 2254; x_wconf 80' lang='lat' dir='ltr'><strong>tradunt.</strong></span> 
     </span>
     <span class='ocr_line' id='line_1_19' title="bbox 272 2288 1322 2370; baseline 0.001 -14"><span class='ocrx_word' id='word_1_118' title='bbox 272 2293 468 2370; x_wconf 75' lang='lat' dir='ltr'><strong>Peculiare</strong></span> <span class='ocrx_word' id='word_1_119' title='bbox 504 2294 635 2352; x_wconf 87' lang='lat' dir='ltr'><strong>autem</strong></span> <span class='ocrx_word' id='word_1_120' title='bbox 671 2288 845 2368; x_wconf 80' lang='lat' dir='ltr'><strong>formant</strong></span> <span class='ocrx_word' id='word_1_121' title='bbox 876 2293 958 2352; x_wconf 83' lang='lat' dir='ltr'><strong>rete</strong></span> <span class='ocrx_word' id='word_1_122' title='bbox 1000 2291 1243 2354; x_wconf 83' lang='lat' dir='ltr'><strong>vasculosum</strong></span> <span class='ocrx_word' id='word_1_123' title='bbox 1274 2291 1322 2358; x_wconf 81' lang='lat' dir='ltr'><strong>in</strong></span> 
     </span>
     <span class='ocr_line' id='line_1_20' title="bbox 221 2390 1320 2475; baseline -0.001 -14"><span class='ocrx_word' id='word_1_124' title='bbox 221 2417 249 2442; x_wconf 58' lang='lat'>³</span> <span class='ocrx_word' id='word_1_125' title='bbox 271 2403 381 2470; x_wconf 82' lang='lat' dir='ltr'><strong>textu</strong></span> <span class='ocrx_word' id='word_1_126' title='bbox 410 2390 590 2458; x_wconf 79' lang='lat' dir='ltr'><strong>celloloso</strong></span> <span class='ocrx_word' id='word_1_127' title='bbox 611 2435 624 2474; x_wconf 66' lang='lat'><em>„</em></span> <span class='ocrx_word' id='word_1_128' title='bbox 644 2390 886 2475; x_wconf 78' lang='lat' dir='ltr'><strong>superficiem</strong></span> <span class='ocrx_word' id='word_1_129' title='bbox 922 2395 1150 2475; x_wconf 88' lang='lat' dir='ltr'><strong>pulmonum</strong></span> <span class='ocrx_word' id='word_1_130' title='bbox 1192 2396 1320 2462; x_wconf 80' lang='lat' dir='ltr'><strong>ambi-</strong></span> 
     </span>
     <span class='ocr_line' id='line_1_21' title="bbox 273 2497 1319 2584; baseline -0.003 -17"><span class='ocrx_word' id='word_1_131' title='bbox 273 2505 441 2579; x_wconf 67' lang='lat' dir='ltr'><strong>entaoet</strong></span> <span class='ocrx_word' id='word_1_132' title='bbox 460 2497 637 2584; x_wconf 84' lang='lat' dir='ltr'><strong>pleuram</strong></span> <span class='ocrx_word' id='word_1_133' title='bbox 651 2497 960 2584; x_wconf 79' lang='lat' dir='ltr'><strong>cumviscerum</strong></span> <span class='ocrx_word' id='word_1_134' title='bbox 981 2497 1202 2566; x_wconf 84' lang='lat' dir='ltr'><strong>substantia</strong></span> <span class='ocrx_word' id='word_1_135' title='bbox 1228 2520 1319 2564; x_wconf 84' lang='lat' dir='ltr'><strong>con-</strong></span> 
     </span>
     <span class='ocr_line' id='line_1_22' title="bbox 269 2589 1316 2692; baseline -0.007 -19"><span class='ocrx_word' id='word_1_136' title='bbox 269 2589 466 2692; x_wconf 76' lang='lat' dir='ltr'><strong>jungente.</strong></span> <span class='ocrx_word' id='word_1_137' title='bbox 492 2605 655 2666; x_wconf 80' lang='lat' dir='ltr'><strong>&#39;Constet</strong></span> <span class='ocrx_word' id='word_1_138' title='bbox 666 2598 713 2662; x_wconf 87' lang='lat' dir='ltr'><strong>id</strong></span> <span class='ocrx_word' id='word_1_139' title='bbox 734 2603 815 2662; x_wconf 88' lang='lat' dir='ltr'><strong>rete</strong></span> <span class='ocrx_word' id='word_1_140' title='bbox 834 2597 1001 2668; x_wconf 86' lang='lat' dir='ltr'><strong>vasculis</strong></span> <span class='ocrx_word' id='word_1_141' title='bbox 1024 2598 1316 2680; x_wconf 85' lang='lat' dir='ltr'><strong>subtilissimis,</strong></span> 
     </span>
    </p>
   </div>
   <div class='ocr_carea' id='block_1_7' title="bbox 162 2697 1318 2780">
    <p class='ocr_par' dir='ltr' id='par_1_7' title="bbox 162 2697 1318 2780">
     <span class='ocr_line' id='line_1_23' title="bbox 162 2697 1318 2780; baseline -0.006 -7"><span class='ocrx_word' id='word_1_142' title='bbox 162 2729 165 2739; x_wconf 86' lang='lat'>·</span> <span class='ocrx_word' id='word_1_143' title='bbox 247 2709 310 2772; x_wconf 71' lang='lat' dir='ltr'><strong>“in</strong></span> <span class='ocrx_word' id='word_1_144' title='bbox 337 2711 442 2770; x_wconf 86' lang='lat' dir='ltr'><strong>statu</strong></span> <span class='ocrx_word' id='word_1_145' title='bbox 473 2697 780 2764; x_wconf 86' lang='lat' dir='ltr'><strong>inflammatorio</strong></span> <span class='ocrx_word' id='word_1_146' title='bbox 808 2698 948 2762; x_wconf 87' lang='lat' dir='ltr'><strong>solum</strong></span> <span class='ocrx_word' id='word_1_147' title='bbox 968 2701 1218 2780; x_wconf 88' lang='lat' dir='ltr'><strong>visibilibus,</strong></span> <span class='ocrx_word' id='word_1_148' title='bbox 1244 2721 1318 2766; x_wconf 83' lang='lat' dir='ltr'><strong>neo</strong></span> 
     </span>
    </p>
   </div>
   <div class='ocr_carea' id='block_1_8' title="bbox 255 2799 1323 3623">
    <p class='ocr_par' dir='ltr' id='par_1_8' title="bbox 255 2791 1323 3623">
     <span class='ocr_line' id='line_1_24' title="bbox 271 2799 1317 2888; baseline -0.004 -13"><span class='ocrx_word' id='word_1_149' title='bbox 271 2811 315 2874; x_wconf 89' lang='lat' dir='ltr'><strong>in</strong></span> <span class='ocrx_word' id='word_1_150' title='bbox 337 2827 431 2873; x_wconf 89' lang='lat' dir='ltr'><strong>sano</strong></span> <span class='ocrx_word' id='word_1_151' title='bbox 458 2805 642 2888; x_wconf 81' lang='lat' dir='ltr'><strong>pulmone</strong></span> <span class='ocrx_word' id='word_1_152' title='bbox 676 2799 792 2864; x_wconf 82' lang='lat' dir='ltr'><strong>facile</strong></span> <span class='ocrx_word' id='word_1_153' title='bbox 824 2799 1073 2884; x_wconf 86' lang='lat' dir='ltr'><strong>injiciendis,</strong></span> <span class='ocrx_word' id='word_1_154' title='bbox 1096 2804 1317 2888; x_wconf 78' lang='lat' dir='ltr'><strong>frequentes</strong></span> 
     </span>
     <span class='ocr_line' id='line_1_25' title="bbox 271 2887 1316 2990; baseline -0.006 -12"><span class='ocrx_word' id='word_1_155' title='bbox 271 2887 542 2990; x_wconf 19' lang='lat' dir='ltr'><strong>anastomosesy</strong></span> <span class='ocrx_word' id='word_1_156' title='bbox 556 2903 760 2970; x_wconf 82' lang='lat' dir='ltr'><strong>tum-inter</strong></span> <span class='ocrx_word' id='word_1_157' title='bbox 779 2925 840 2978; x_wconf 85' lang='lat' dir='ltr'><strong>se,</strong></span> <span class='ocrx_word' id='word_1_158' title='bbox 860 2910 945 2970; x_wconf 86' lang='lat' dir='ltr'><strong>tum</strong></span> <span class='ocrx_word' id='word_1_159' title='bbox 965 2905 1083 2970; x_wconf 89' lang='lat' dir='ltr'><strong>etiam</strong></span> <span class='ocrx_word' id='word_1_160' title='bbox 1104 2925 1189 2980; x_wconf 88' lang='lat' dir='ltr'><strong>cum</strong></span> <span class='ocrx_word' id='word_1_161' title='bbox 1212 2915 1316 2974; x_wconf 83' lang='lat' dir='ltr'><strong>erte-</strong></span> 
     </span>
     <span class='ocr_line' id='line_1_26' title="bbox 269 3005 1317 3091; baseline -0.004 -12"><span class='ocrx_word' id='word_1_162' title='bbox 269 3015 339 3078; x_wconf 86' lang='lat' dir='ltr'><strong>riis</strong></span> <span class='ocrx_word' id='word_1_163' title='bbox 362 3019 399 3077; x_wconf 89' lang='lat' dir='ltr'><strong>et</strong></span> <span class='ocrx_word' id='word_1_164' title='bbox 420 3013 528 3075; x_wconf 87' lang='lat' dir='ltr'><strong>venis</strong></span> <span class='ocrx_word' id='word_1_165' title='bbox 553 3005 840 3091; x_wconf 78' lang='lat' dir='ltr'><strong>pulmonalibus</strong></span> <span class='ocrx_word' id='word_1_166' title='bbox 862 3006 1098 3079; x_wconf 85' lang='lat' dir='ltr'><strong>ineuntibus.</strong></span> <span class='ocrx_word' id='word_1_167' title='bbox 1122 3009 1250 3075; x_wconf 86' lang='lat' dir='ltr'><strong>Potest</strong></span> <span class='ocrx_word' id='word_1_168' title='bbox 1271 3009 1317 3076; x_wconf 86' lang='lat' dir='ltr'><strong>id</strong></span> 
     </span>
     <span class='ocr_line' id='line_1_27' title="bbox 267 3109 1316 3201; baseline 0.001 -20"><span class='ocrx_word' id='word_1_169' title='bbox 267 3121 350 3182; x_wconf 81' lang='lat' dir='ltr'><strong>rote</strong></span> <span class='ocrx_word' id='word_1_170' title='bbox 368 3135 437 3197; x_wconf 91' lang='lat' dir='ltr'><strong>per</strong></span> <span class='ocrx_word' id='word_1_171' title='bbox 457 3130 596 3176; x_wconf 88' lang='lat' dir='ltr'><strong>venam</strong></span> <span class='ocrx_word' id='word_1_172' title='bbox 614 3109 934 3192; x_wconf 87' lang='lat' dir='ltr'><strong>pulmonalem,e</strong></span> <span class='ocrx_word' id='word_1_173' title='bbox 955 3131 1030 3198; x_wconf 86' lang='lat' dir='ltr'><strong>qua</strong></span> <span class='ocrx_word' id='word_1_174' title='bbox 1050 3115 1213 3180; x_wconf 78' lang='lat' dir='ltr'><strong>maximi</strong></span> <span class='ocrx_word' id='word_1_175' title='bbox 1232 3116 1316 3201; x_wconf 86' lang='lat' dir='ltr'><strong>ejus</strong></span> 
     </span>
     <span class='ocr_line' id='line_1_28' title="bbox 270 3209 1316 3302; baseline 0.004 -21"><span class='ocrx_word' id='word_1_176' title='bbox 270 3221 451 3282; x_wconf 84' lang='lat' dir='ltr'><strong>oriuntur</strong></span> <span class='ocrx_word' id='word_1_177' title='bbox 470 3214 571 3279; x_wconf 90' lang='lat' dir='ltr'><strong>rami</strong></span> <span class='ocrx_word' id='word_1_178' title='bbox 585 3257 595 3292; x_wconf 83' lang='lat'><strong>,</strong></span> <span class='ocrx_word' id='word_1_179' title='bbox 607 3211 798 3302; x_wconf 25' lang='lat' dir='ltr'><strong>facillime!</strong></span> <span class='ocrx_word' id='word_1_180' title='bbox 815 3215 976 3296; x_wconf 88' lang='lat' dir='ltr'><strong>repleri,</strong></span> <span class='ocrx_word' id='word_1_181' title='bbox 989 3221 1027 3279; x_wconf 90' lang='lat' dir='ltr'><strong>et</strong></span> <span class='ocrx_word' id='word_1_182' title='bbox 1043 3217 1175 3299; x_wconf 89' lang='lat' dir='ltr'><strong>prodit</strong></span> <span class='ocrx_word' id='word_1_183' title='bbox 1197 3209 1316 3286; x_wconf 75' lang='lat' dir='ltr'><strong>simul</strong></span> 
     </span>
     <span class='ocr_line' id='line_1_29' title="bbox 269 3316 1313 3406; baseline 0.007 -25"><span class='ocrx_word' id='word_1_184' title='bbox 269 3326 418 3382; x_wconf 83' lang='lat' dir='ltr'><strong>massae</strong></span> <span class='ocrx_word' id='word_1_185' title='bbox 436 3317 624 3399; x_wconf 87' lang='lat' dir='ltr'><strong>impulsae</strong></span> <span class='ocrx_word' id='word_1_186' title='bbox 639 3316 824 3388; x_wconf 80' lang='lat' dir='ltr'><strong>subtilior</strong></span> <span class='ocrx_word' id='word_1_187' title='bbox 844 3337 932 3400; x_wconf 84' lang='lat' dir='ltr'><strong>pars</strong></span> <span class='ocrx_word' id='word_1_188' title='bbox 955 3319 996 3382; x_wconf 92' lang='lat' dir='ltr'><strong>in</strong></span> <span class='ocrx_word' id='word_1_189' title='bbox 1017 3339 1145 3386; x_wconf 84' lang='lat' dir='ltr'><strong>serosa</strong></span> <span class='ocrx_word' id='word_1_190' title='bbox 1161 3325 1313 3406; x_wconf 86' lang='lat' dir='ltr'><strong>pulmo·</strong></span> 
     </span>
     <span class='ocr_line' id='line_1_30' title="bbox 255 3407 1316 3520; baseline 0.007 -36"><span class='ocrx_word' id='word_1_191' title='bbox 255 3407 364 3494; x_wconf 77' lang='lat' dir='ltr'><strong>&#39;num</strong></span> <span class='ocrx_word' id='word_1_192' title='bbox 392 3417 620 3504; x_wconf 72' lang='lat' dir='ltr'><strong>superficie,</strong></span> <span class='ocrx_word' id='word_1_193' title='bbox 653 3438 727 3501; x_wconf 88' lang='lat' dir='ltr'><strong>quo</strong></span> <span class='ocrx_word' id='word_1_194' title='bbox 756 3426 917 3504; x_wconf 86' lang='lat' dir='ltr'><strong>apparet</strong></span> <span class='ocrx_word' id='word_1_195' title='bbox 932 3466 945 3500; x_wconf 89' lang='lat'><em>,</em></span> <span class='ocrx_word' id='word_1_196' title='bbox 975 3429 1062 3487; x_wconf 86' lang='lat' dir='ltr'><strong>rete.</strong></span> <span class='ocrx_word' id='word_1_197' title='bbox 1083 3425 1155 3504; x_wconf 78' lang='lat' dir='ltr'><strong>hqc</strong></span> <span class='ocrx_word' id='word_1_198' title='bbox 1182 3427 1316 3520; x_wconf 79' lang='lat' dir='ltr'><strong>ipsum</strong></span> 
     </span>
     <span class='ocr_line' id='line_1_31' title="bbox 269 3518 1323 3623; baseline 0.006 -35"><span class='ocrx_word' id='word_1_199' title='bbox 269 3530 499 3608; x_wconf 83' lang='lat' dir='ltr'><strong>apparatum</strong></span> <span class='ocrx_word' id='word_1_200' title='bbox 521 3518 754 3589; x_wconf 79' lang='lat' dir='ltr'><strong>constituere</strong></span> <span class='ocrx_word' id='word_1_201' title='bbox 775 3525 1033 3590; x_wconf 85' lang='lat' dir='ltr'><strong>exhalationis</strong></span> <span class='ocrx_word' id='word_1_202' title='bbox 1062 3539 1213 3596; x_wconf 80' lang='lat' dir='ltr'><strong>seroeae</strong></span> <span class='ocrx_word' id='word_1_203' title='bbox 1233 3530 1323 3623; x_wconf 33' lang='grc' dir='ltr'>”).Ι</span> 
     </span>
    </p>
   </div>
   <div class='ocr_carea' id='block_1_9' title="bbox 217 3657 1311 4374">
    <p class='ocr_par' dir='ltr' id='par_1_9' title="bbox 217 3657 1311 4374">
     <span class='ocr_line' id='line_1_32' title="bbox 217 3657 1311 3765; baseline 0.008 -36"><span class='ocrx_word' id='word_1_204' title='bbox 217 3661 221 3672; x_wconf 79' lang='grc'>’</span> <span class='ocrx_word' id='word_1_205' title='bbox 322 3657 394 3756; x_wconf 77' lang='lat' dir='ltr'><strong>o)</strong></span> <span class='ocrx_word' id='word_1_206' title='bbox 422 3667 582 3732; x_wconf 85' lang='lat' dir='ltr'><strong>Venae</strong></span> <span class='ocrx_word' id='word_1_207' title='bbox 620 3658 751 3728; x_wconf 70' lang='lat' dir='ltr'><strong>butem</strong></span> <span class='ocrx_word' id='word_1_208' title='bbox 780 3666 1141 3765; x_wconf 59' lang='lat' dir='ltr'><strong>manubiales,</strong></span> <span class='ocrx_word' id='word_1_209' title='bbox 1171 3678 1216 3738; x_wconf 90' lang='lat' dir='ltr'><strong>ut</strong></span> <span class='ocrx_word' id='word_1_210' title='bbox 1242 3675 1311 3740; x_wconf 89' lang='lat' dir='ltr'><strong>cel.</strong></span> 
     </span>
     <span class='ocr_line' id='line_1_33' title="bbox 267 3771 1311 3862; baseline 0.007 -22"><span class='ocrx_word' id='word_1_211' title='bbox 267 3773 510 3843; x_wconf 72' lang='lat' dir='ltr'><strong>RE1szE1snn</strong></span> <span class='ocrx_word' id='word_1_212' title='bbox 528 3773 675 3858; x_wconf 88' lang='lat' dir='ltr'><strong>primus</strong></span> <span class='ocrx_word' id='word_1_213' title='bbox 694 3771 862 3838; x_wconf 87' lang='lat' dir='ltr'><strong>advertit</strong></span> <span class='ocrx_word' id='word_1_214' title='bbox 884 3777 943 3862; x_wconf 84' lang='lat' dir='ltr'><strong>a),</strong></span> <span class='ocrx_word' id='word_1_215' title='bbox 964 3772 1004 3838; x_wconf 91' lang='lat' dir='ltr'><strong>id</strong></span> <span class='ocrx_word' id='word_1_216' title='bbox 1024 3777 1218 3860; x_wconf 84' lang='lat' dir='ltr'><strong>peculiare</strong></span> <span class='ocrx_word' id='word_1_217' title='bbox 1238 3782 1311 3846; x_wconf 89' lang='lat' dir='ltr'><strong>ba·</strong></span> 
     </span>
     <span class='ocr_line' id='line_1_34' title="bbox 265 3875 1310 3966; baseline 0.007 -24"><span class='ocrx_word' id='word_1_218' title='bbox 265 3878 382 3952; x_wconf 86' lang='lat' dir='ltr'><strong>bent,</strong></span> <span class='ocrx_word' id='word_1_219' title='bbox 406 3875 508 3961; x_wconf 90' lang='lat' dir='ltr'><strong>quod</strong></span> <span class='ocrx_word' id='word_1_220' title='bbox 528 3895 658 3938; x_wconf 90' lang='lat' dir='ltr'><strong>omnes</strong></span> <span class='ocrx_word' id='word_1_221' title='bbox 678 3875 757 3940; x_wconf 83' lang='lat' dir='ltr'><strong>fere</strong></span> <span class='ocrx_word' id='word_1_222' title='bbox 778 3893 911 3940; x_wconf 85' lang='lat' dir='ltr'><strong>earum</strong></span> <span class='ocrx_word' id='word_1_223' title='bbox 932 3877 1098 3954; x_wconf 86' lang='lat' dir='ltr'><strong>surculi,</strong></span> <span class='ocrx_word' id='word_1_224' title='bbox 1119 3882 1185 3966; x_wconf 91' lang='lat' dir='ltr'><strong>qui</strong></span> <span class='ocrx_word' id='word_1_225' title='bbox 1209 3889 1310 3949; x_wconf 86' lang='lat' dir='ltr'><strong>arte·</strong></span> 
     </span>
     <span class='ocr_line' id='line_1_35' title="bbox 265 3973 1311 4066; baseline 0.009 -23"><span class='ocrx_word' id='word_1_226' title='bbox 265 3977 335 4044; x_wconf 85' lang='lat' dir='ltr'><strong>riis</strong></span> <span class='ocrx_word' id='word_1_227' title='bbox 359 3977 651 4044; x_wconf 83' lang='lat' dir='ltr'><strong>bronchialibus</strong></span> <span class='ocrx_word' id='word_1_228' title='bbox 672 3973 926 4062; x_wconf 89' lang='lat' dir='ltr'><strong>respondent,</strong></span> <span class='ocrx_word' id='word_1_229' title='bbox 940 3977 982 4042; x_wconf 90' lang='lat' dir='ltr'><strong>in</strong></span> <span class='ocrx_word' id='word_1_230' title='bbox 1001 4000 1138 4048; x_wconf 87' lang='lat' dir='ltr'><strong>venam</strong></span> <span class='ocrx_word' id='word_1_231' title='bbox 1157 3979 1311 4066; x_wconf 72' lang='lat' dir='ltr'><strong>‘pulmo-</strong></span> 
     </span>
     <span class='ocr_line' id='line_1_36' title="bbox 265 4073 1309 4168; baseline 0.004 -20"><span class='ocrx_word' id='word_1_232' title='bbox 265 4077 395 4148; x_wconf 81' lang='lat' dir='ltr'><strong>nalem</strong></span> <span class='ocrx_word' id='word_1_233' title='bbox 415 4079 523 4164; x_wconf 81' lang='lat' dir='ltr'><strong>juxta&#39;</strong></span> <span class='ocrx_word' id='word_1_234' title='bbox 543 4073 669 4145; x_wconf 86' lang='lat' dir='ltr'><strong>totum</strong></span> <span class='ocrx_word' id='word_1_235' title='bbox 688 4081 767 4168; x_wconf 77' lang='lat' dir='ltr'><strong>ejus</strong></span> <span class='ocrx_word' id='word_1_236' title='bbox 797 4101 863 4164; x_wconf 87' lang='lat' dir='ltr'><strong>per</strong></span> <span class='ocrx_word' id='word_1_237' title='bbox 882 4080 1083 4165; x_wconf 87' lang='lat' dir='ltr'><strong>pulmones</strong></span> <span class='ocrx_word' id='word_1_238' title='bbox 1109 4081 1309 4152; x_wconf 85' lang='lat' dir='ltr'><strong>decursum</strong></span> 
     </span>
     <span class='ocr_line' id='line_1_37' title="bbox 268 4183 1308 4272; baseline 0.008 -23"><span class='ocrx_word' id='word_1_239' title='bbox 268 4183 591 4272; x_wconf 78' lang='lat' dir='ltr'><strong>committantur.¹</strong></span> <span class='ocrx_word' id='word_1_240' title='bbox 612 4185 705 4248; x_wconf 87' lang='lat' dir='ltr'><strong>Illae</strong></span> <span class='ocrx_word' id='word_1_241' title='bbox 736 4189 866 4250; x_wconf 88' lang='lat' dir='ltr'><strong>autem</strong></span> <span class='ocrx_word' id='word_1_242' title='bbox 901 4205 1045 4262; x_wconf 84' lang='lat' dir='ltr'><strong>venae,</strong></span> <span class='ocrx_word' id='word_1_243' title='bbox 1077 4204 1174 4270; x_wconf 89' lang='lat' dir='ltr'><strong>quae</strong></span> <span class='ocrx_word' id='word_1_244' title='bbox 1205 4189 1308 4258; x_wconf 83' lang='lat' dir='ltr'><strong>circa</strong></span> 
     </span>
     <span class='ocr_line' id='line_1_38' title="bbox 266 4289 1310 4374; baseline 0.006 -22"><span class='ocrx_word' id='word_1_245' title='bbox 266 4289 485 4374; x_wconf 85' lang='lat' dir='ltr'><strong>ingressum</strong></span> <span class='ocrx_word' id='word_1_246' title='bbox 511 4305 693 4354; x_wconf 80' lang='lat' dir='ltr'><strong>vasorum</strong></span> <span class='ocrx_word' id='word_1_247' title='bbox 718 4303 950 4372; x_wconf 84' lang='lat' dir='ltr'><strong>magnorum</strong></span> <span class='ocrx_word' id='word_1_248' title='bbox 979 4289 1022 4354; x_wconf 89' lang='lat' dir='ltr'><strong>in</strong></span> <span class='ocrx_word' id='word_1_249' title='bbox 1051 4289 1253 4374; x_wconf 80' lang='lat' dir='ltr'><strong>pulmones</strong></span> <span class='ocrx_word' id='word_1_250' title='bbox 1285 4311 1310 4358; x_wconf 76' lang='lat' dir='ltr'><strong>a</strong></span> 
     </span>
    </p>
   </div>
   <div class='ocr_carea' id='block_1_10' title="bbox 0 0 1482 4996">
    <p class='ocr_par' dir='ltr' id='par_1_10' title="bbox 0 0 1482 4996">
     <span class='ocr_line' id='line_1_39' title="bbox 0 0 1482 4996; baseline 0 4"><span class='ocrx_word' id='word_1_251' title='bbox 0 0 1482 4996; x_wconf 95' lang='lat' dir='ltr'><strong> </strong></span> 
     </span>
    </p>
   </div>
  </div>
 </body>
</html>
