2840 4994
740 263 751 311 ¹
831 308 836 324 ,

196 411 201 416 ’
279 430 319 504 se
375 409 1218 486 trstesatmssrmrr.succurrere.

275 562 455 636 nutriunt
483 573 599 646 quam
629 553 814 620 animalis
845 552 975 632 cibus3
996 553 1091 641 qula
1116 555 1318 638 praeterea

275 668 405 736 minus
429 667 519 728 sunt
546 654 783 752 composita,
809 653 1008 720 difficilius
1035 657 1178 722 resolvi
1201 664 1239 721 et
1260 654 1322 720 di

198 785 202 794 ’
273 770 358 859 geri
379 789 404 833 a
430 747 581 830 viribus
609 755 819 824 ventriculi
849 764 1050 853 possuut.
1057 741 1215 824 Plantae
1242 757 1320 822 aci

275 873 391 942 dulae
413 872 453 932 et
472 865 569 930 tales
586 862 732 928 fructus
752 861 880 926 minus
905 846 1029 926 adbuc
1052 863 1253 943 nutriunt,
1280 867 1338 930 et

122 983 174 1052 ,”
277 975 432 1068 quidem
459 989 503 1034 ea
520 965 656 1033 saltem
676 962 952 1047 proportione,
976 985 1051 1052 qua
1077 966 1324 1052 principium

276 1066 1094 1152 saccberinum,nondumdecompositum,
1106 1069 1321 1135 continent.

206 1175 209 1199 ³
277 1163 470 1254 Instinctu
493 1171 603 1260 quasi
633 1165 827 1234 ferimur
815 1191 857 1234 rn
882 1172 1151 1256 vegetabilem
1167 1171 1322 1254 cibum,

278 1292 333 1353 st
330 1275 517 1348 conducit
547 1273 694 1358 optime
703 1311 714 1348 ‚
735 1269 803 1334 ubi
823 1265 1097 1360 phlogistica
1086 1295 1129 1338 1n
1161 1293 1322 1358 corpore

276 1384 478 1458 abundant
499 1376 706 1463 principia.
736 1375 899 1444 Prosunt
918 1398 1060 1462 nempe
1086 1379 1325 1464 vegetabilis

276 1493 328 1560 iis
339 1532 351 1570 ,
374 1486 441 1576 qui
460 1485 587 1549 a'e'rem
606 1484 733 1548 miuus
754 1499 900 1568 purum.
923 1483 1147 1566 adspirant,
1172 1481 1239 1568 qui
1259 1483 1324 1546 in-

277 1604 401 1666 ertem
420 1591 560 1658 vivunt
577 1588 726 1666 vitam,
746 1580 1107 1671 congruo'corporis
1127 1592 1235 1650 motu
1257 1587 1325 1650 de-

276 1702 480 1772 stitutam,
497 1689 644 1770 obesis,
667 1689 968 1772 temperamenti
993 1687 1176 1752 cholerici
1194 1687 1327 1755 homi·

277 1806 393 1874 nibus
416 1796 469 1883 (ς.
493 1797 603 1878 aaa),
621 1791 838 1855 infantibus
861 1798 899 1856 et
917 1783 1074 1856 leminis
1086 1830 1099 1871 ,
1119 1790 1161 1856 in
1184 1791 1326 1877 quibus
1411 1869 1412 1872 Ἴ

281 1897 585 1976 inflammabilia
606 1896 831 1982 praevalent
855 1897 878 1992 ¹(
892 1902 939 1974 §§.
959 1914 1032 1980 251.
1053 1897 1184 1984 ω),
1207 1899 1327 1982 atque

280 2014 386 2081 caelo
406 2009 617 2073 aestuante.
639 2002 713 2067 Ubi
731 2001 832 2068 vires
852 2004 1062 2068 ventriculi
1080 2004 1177 2068 bene
1197 2023 1237 2068 se
1254 2003 1326 2066 ha-

280 2123 397 2193 bant,
419 2098 620 2202 accedente
647 2108 878 2192 praeprimis
911 2107 1081 2192 corporis
1114 2105 1326 2181 exercitio,

175 2268 179 2276 -
281 2229 326 2288 ut
347 2221 389 2284 in
405 2214 553 2282 rustica
574 2209 764 2278 cernimus
787 2211 920 2294 plebe,
943 2209 1049 2276 cibus
1071 2207 1327 2298 vegetabilis,

282 2325 429 2410 majore
460 2316 678 2408 quantitate
717 2310 913 2377 adsumtus
936 2357 948 2394 ‚
970 2310 1105 2397 c'orpus
1142 2315 1202 2378 sat
1222 2313 1330 2375 bene
1351 2397 1353 2400 Ι

283 2429 480 2500 nutrit-
499 2422 631 2487 Partes
663 2415 941 2502 vegetabilium
975 2417 1175 2501 proximae
1187 2453 1205 2496 ,·
1230 2433 1330 2504 quae

190 2590 193 2598 ,
241 2626 247 2634 ·
284 2532 570 2606 nutrimentum
592 2521 832 2608 largiuntur,
854 2526 1053 2616 sequentes
1072 2515 1182 2586 sunt:
1231 2581 1235 2590 ,

414 2693 454 2778 1)
487 2667 730 2754 Ge'lat'ina
760 2685 1165 2771 vegetabilis‚in
1198 2683 1328 2748 omni·

366 2798 439 2866 bus
481 2797 606 2860 ferme
647 2790 812 2856 acidulis
856 2793 1077 2857 continetur
1112 2790 1334 2870 fructibus3

26 2891 30 2902 “
124 2903 178 2948 ψ’
255 2953 268 2978 χ
361 2913 457 2967 cum
485 2898 596 2962 acido
626 2895 769 2960 uitrico
799 2901 1001 2974 tractata,
1030 2901 1074 2960 ut
1098 2897 1335 2978 -vsuqussru

370 3007 547 3088 expertus
566 3005 641 3077 est,
664 2999 706 3062 in
726 2998 878 3064 acidum
898 3000 1090 3064 oxalioum
1102 2999 1204 3073 ,sine
1223 2999 1337 3064 omni

370 3106 513 3171 azotioi
533 3095 780 3180 evolutione,
802 3103 969 3168 vertitur
991 3105 1056 3186 *);
1073 3102 1174 3166 sicca
1196 3101 1336 3166 destil-

370 3208 517 3274 latione
546 3205 711 3288 largitur
744 3206 941 3288 copiosum
983 3191 1162 3280 ecidirm,
1190 3224 1336 3288 parum

285 3359 289 3366 -
373 3313 418 3380 de
441 3313 549 3386 oleo,
573 3313 612 3372 et
639 3309 761 3372 ferme
787 3310 890 3373 nihil
915 3309 960 3372 de
989 3297 1211 3383 ammonio,
1230 3309 1337 3374 unde

372 3415 505 3497 patet,
529 3407 790 3474 substantiam
811 3411 911 3501 hene
934 3409 1122 3494 exygenio
1154 3409 1333 3474 abunda-

370 3536 434 3590 re,
459 3520 574 3600 atque
592 3531 729 3596 parum
752 3512 913 3574 omuino
938 3510 1097 3598 nutrire.
1131 3512 1335 3579 Gummi

228 3698 231 3706 ,
296 3639 298 3648 ⁴
372 3623 410 3684 et
431 3617 685 3699 mucilasgo
710 3615 941 3698 vegetabilis
965 3634 986 3677 a
1013 3613 1186 3698 geletina
1210 3614 1252 3678 in
1287 3635 1334 3680 eo

291 3732 293 3740 '
375 3720 562 3790 differunt
574 3761 585 3796 ,
608 3719 710 3804 quod
731 3737 868 3801 parum
883 3703 1049 3802 plusde
1069 3703 1338 3780 inflammabi-

371 3827 495 3899 libus,
509 3829 547 3887 et
559 3819 706 3907 aliquid
719 3817 763 3882 de
777 3820 950 3885 calcares
961 3820 1207 3898 contineant,
1220 3817 1339 3892 adeo·

372 3947 449 4016 que
472 3933 509 3990 et
529 3923 652 4007 magis
672 3923 936 4006 nutriente).

415 4087 458 4173 2)
494 4083 743 4149 Albumen
786 4044 1131 4166 vegetabile,
1156 4059 1257 4170 ‹juod
1288 4085 1333 4152 in

376 4186 499 4256 succis
530 4187 789 4269 plantarum,
816 4183 931 4268 inque
966 4187 1202 4265 seminibus,
1235 4209 1335 4276 quse

280 4366 299 4386 Α
374 4288 624 4368 emulsionem
644 4287 883 4374 largiuntur,
903 4287 1074 4360 inveniri
1090 4299 1243 4379 potest,
1264 4293 1335 4360 iis·

1219 4597 1253 4670 ’,Δ
1353 4671 1359 4686 ι
