2912 5000
275 338 384 404 seer.
405 333 469 402 111.
491 337 553 402 De
573 336 724 406 vesnia
744 356 1002 420 sscserrone.
1107 369 1194 439 377..
1297 382 1304 402 ι

125 482 254 566 ipsum
287 481 456 572 lotium,¹
475 477 618 548 Differt
650 485 755 548 enim
779 486 813 552 is
844 489 948 555 latex
977 493 1020 558 in
1048 496 1171 560 variis

124 607 204 654 nou
228 585 340 656 modo
371 586 603 652 animalium
633 589 851 672 speciebus,
873 614 1006 660 verum
1037 597 1078 662 in
1099 600 1169 664 ho.

125 691 231 756 minc
252 709 399 778 quoque
417 711 487 774 pro
506 694 617 756 varia
638 701 789 774 aetate,
810 716 879 780 pro
903 698 1054 764 diverso
1076 704 1170 776 anni

127 803 166 865 et
197 795 276 860 diei
302 801 499 878 tempore,
529 815 598 878 pro
629 798 822 879 climatis,
851 805 1169 884 temperamenti,

126 900 442 976 constitutionis,
472 901 551 963 cibi
587 907 627 964 et
656 907 769 984 potus
800 903 975 984 ratione,
1003 914 1170 991 euntque

123 1002 350 1068 innumerae
382 1004 640 1090 mutationes,
671 1023 763 1090 quas
797 1005 937 1076 humor
966 1005 1070 1078 idem
1100 1029 1170 1094 per

124 1103 280 1172 morbos
304 1105 465 1188 patitur.

207 1245 246 1308 Si
263 1245 418 1319 urinam
432 1243 710 1318 consideremus
730 1247 849 1312 relate
870 1247 918 1314 ad
939 1249 1066 1314 varias
1083 1252 1168 1315 anis·

123 1347 286 1415 melium
309 1350 468 1423 classes,
488 1353 573 1412 tum
593 1354 792 1434 sequentes
811 1354 1010 1435 generales
1031 1354 1166 1423 adver-

122 1451 242 1514 timus
273 1449 521 1528 differentias.
555 1451 705 1535 Frigidi
747 1453 945 1538 sanguinis
978 1457 1169 1522 animalia

124 1551 266 1616 lotium
309 1551 473 1616 mittunt
509 1553 748 1641 insipidum,
776 1554 962 1638 spissum,
992 1559 1166 1624 faecibus

120 1655 351 1732 remistum,
372 1655 637 1742 pinguiculum
648 1697 660 1732 ‚
680 1658 829 1721 urinosi
859 1659 1000 1730 odoris.
1032 1663 1165 1726 conti«

120 1762 188 1828 net
207 1757 437 1830 lacertarum
458 1761 592 1836 urina,
615 1766 659 1828 ut
681 1763 829 1834 Scuocz
851 1763 1100 1846 comperito,
1126 1779 1169 1848 94

123 1860 226 1928 acidi
244 1861 365 1942 urici,
389 1886 423 1940 ο,
443 1885 484 1930 oe
520 1865 764 1948 emmoniae,
786 1885 820 1940 o,
842 1884 886 1948 03
913 1867 1027 1944 calcis
1050 1869 1167 1953 phoss

122 1961 332 2053 phorima,
354 1973 392 2038 st
413 1966 516 2040 nihil
536 1967 649 2051 plane
676 1965 721 2032 de
752 1969 946 2052 principio
974 1973 1079 2038 urico
1112 1976 1167 2058 ‘).

122 2067 372 2142 Excrementa
402 2073 564 2146 avium,
602 2065 776 2142 faecibus
811 2073 950 2138 alvinis
984 2081 1023 2148 ct
1053 2077 1170 2140 urina
1244 2151 1253 2160 „
1309 2125 1313 2139 ,

122 2175 344 2246 constantia
375 2171 394 2258 (
410 2183 438 2250 ς.
467 2174 596 2261 315.),
628 2173 781 2244 acidum
811 2177 994 2252 uticum,
1024 2179 1170 2251 calcem

120 2279 420 2362 phosphoricam
439 2284 477 2342 et
498 2277 745 2352 carbonicam
770 2277 971 2350 continent
984 2285 1059 2368 n).
1081 2283 1167 2350 Uri·

118 2400 173 2446 na
191 2379 392 2452 brutorum
409 2380 703 2449 herbivororum
731 2380 780 2446 ab
814 2379 980 2444 admisto
1000 2379 1167 2466 quodam

121 2487 207 2550 oleo
222 2526 233 2560 ,
260 2505 356 2570 aque
385 2484 484 2560 calce
518 2483 908 2550 carbonica⁰turbida
937 2488 1017 2562 ests
1039 2487 1167 2550 oeten,

121 2593 182 2656 dit
209 2591 325 2664 alcali
348 2591 464 2664 liberi
496 2589 663 2670 indicia,
693 2586 911 2654 effervescit
935 2609 1021 2656 cum
1044 2590 1164 2655 acidis
1196 2631 1212 2678 0

119 2694 370 2772 i'ortioribue3
398 2693 571 2758 continet
601 2690 796 2774 copiosum
825 2690 978 2762 acidum
1009 2693 1164 2758 benzoi-

120 2802 238 2874 cum,
269 2803 308 2864 et
334 2795 461 2872 nihil,
486 2803 531 2861 ut
558 2797 769 2874 Fousoeoe
800 2803 838 2860 et
866 2797 1090 2886 veronens
1122 2796 1165 2874 in

119 2903 282 2968 vaccina
301 2911 338 2978 et
360 2901 501 2988 equina
519 2902 635 2966 urina
654 2902 907 2975 observarunt
934 2900 1001 2984 a),
1023 2899 1068 2964 de
1091 2900 1165 2962 aci·
1242 2929 1248 2944 =

119 3006 167 3070 sio
196 3006 477 3090 phosphorico,
511 3005 613 3089 quod
643 3005 787 3088 partim
818 3023 903 3066 cum
935 3007 1100 3068 stercore
1126 3008 1164 3066 et

104 3093 256 3175 'sudore
277 3093 503 3176 eliminatur
514 3151 525 3186 ,
543 3106 689 3188 partim
711 3129 800 3176 vero
820 3107 862 3170 in
882 3126 984 3186 ossa,
1007 3126 1163 3190 cornua,

118 3205 283 3296 ungulas
306 3216 345 3284 et
364 3209 464 3292 pilos
483 3209 635 3273 transit.
668 3199 823 3292 Repetit
843 3213 975 3280 tamen·
1002 3208 1163 3285 Benene

119 3316 163 3380 in
184 3315 282 3380 lotio
307 3313 444 3390 cameli
464 3318 502 3378 et
520 3314 681 3378 vaccino
702 3311 850 3398 aliquid
862 3311 906 3375 de
927 3313 1028 3390 calce
1048 3313 1163 3402 phoss

118 3419 282 3506 phorica
312 3416 386 3506 b),
422 3421 461 3481 et
492 3418 645 3482 invenit
674 3418 912 3484 Sreomettn
943 3420 985 3494 in
1020 3421 1161 3506 equino

118 3524 269 3594 vesicae
309 3523 453 3586 calculo
490 3520 727 3606 magnesiam
760 3520 1060 3603 phosphoricam
1102 3526 1159 3608 c).
1232 3581 1234 3590 s

119 3626 328 3704 Fooacaor
352 3629 479 3688 autem
502 3629 540 3688 et
560 3623 787 3704 Vsuouscns
808 3624 971 3690 calculos
1001 3624 1160 3708 equinos

118 3734 220 3796 calce
234 3729 437 3794 carbonica
456 3731 647 3804 constare,
659 3727 814 3810 soloque
835 3733 942 3794 aceto
961 3733 1027 3806 aut
1046 3748 1159 3812 aqua,

121 3833 231 3898 acido
262 3833 463 3919 carbonico
497 3832 681 3916 remista,
711 3831 753 3896 in
785 3833 951 3897 vesicam
981 3831 1159 3912 injectis,

121 3935 324 4004 solvendos
343 3938 476 4002 docent
489 3935 547 4020 d).
571 3937 758 4021 Exiguum
778 3937 897 4002 habet
916 3943 1161 4002 cornutorum

118 4041 236 4105 urina
263 4041 472 4112 foetorem,
499 4059 612 4124 quem
635 4040 677 4104 in
709 4041 796 4104 aiire
818 4041 941 4104 libero
974 4057 1061 4101 mox
1094 4036 1160 4100 des

48 4138 54 4146 ’
119 4143 256 4227 ponit,
269 4141 417 4208 moechi
437 4139 566 4222 potius
585 4138 764 4215 redolens,
774 4139 1042 4224 fragrantiam.
1065 4139 1178 4204 Brun.

120 4255 164 4313 ta
193 4248 396 4318 carnivora
425 4246 579 4319 urinam
609 4255 838 4327 excernunt,
858 4246 1055 4328 copiosum
1079 4245 1160 4310 acis
