2922 4996
245 411 356 476 secr.
376 411 423 474 11.
442 411 501 475 De
520 421 641 476 cerm
659 421 837 477 sennar.
854 413 901 478 11.
922 427 1069 482 neres.
1125 431 1184 500 ιη

230 558 419 626 Mollusca
441 557 574 620 omnia
593 556 736 641 insigni
756 561 926 646 gaudent
940 562 1101 645 hepate,
1118 583 1183 626 ve·

146 661 229 727 eice
246 660 359 726 fellet
386 665 521 724 tamen
543 659 743 726 destituto.
777 662 818 726 Id
836 669 966 728 autem
985 665 1050 728 hic
1071 685 1183 748 pecn-

145 765 245 828 liare
266 769 344 840 est,
365 762 466 849 quod
484 763 640 848 sanguin
666 783 827 830 venosus
849 766 890 831 in
911 767 1032 850 hepar
1054 765 1183 850 (utin

146 867 382 934 animalibus
398 869 629 958 vertebratie
652 872 829 940 omnibus
853 893 931 938 esse
960 873 1082 962 solet)
1103 892 1183 938 non

144 975 316 1048 feratur,
337 991 472 1037 verum
492 972 637 1036 arteria
656 981 766 1040 aorta
783 993 956 1054 cruorem
973 997 1043 1060 pro
1063 974 1184 1040 visce—
1302 961 1306 974 ’

144 1077 201 1142 ris
219 1075 435 1140 nutritione
450 1079 489 1139 et
509 1073 602 1138 bilis
623 1077 835 1144 sacratione
855 1078 973 1142 simul
1003 1075 1185 1164 suppedi-

146 1187 226 1258 tet,
257 1185 371 1266 atque
401 1179 576 1246 residuus
611 1181 751 1248 humor
781 1183 823 1246 in
858 1201 996 1246 venam
1029 1199 1182 1254 cavam,

146 1301 243 1370 quae
277 1281 378 1366 apud
406 1281 596 1346 animalia
620 1281 715 1348 haec
747 1282 880 1358 eadem
910 1289 966 1348 ast
993 1299 1078 1346 cum
1096 1281 1181 1361 pul·

144 1382 293 1448 monali
311 1403 408 1448 vena
420 1422 432 1460 ,
453 1384 669 1448 revehatur.
702 1385 912 1450 Cohaerent
940 1381 1093 1449 biliarii
1113 1379 1182 1444 du·

145 1493 227 1550 ctus
239 1529 250 1564 ,
262 1485 465 1550 humorem
484 1484 775 1550 viride-ssavum
795 1483 1073 1563 vehentee,vel
1095 1501 1182 1546 cum

143 1588 352 1664 intestino,
373 1590 433 1653 vel
461 1606 546 1652 cum
575 1590 660 1672 ipso
686 1589 925 1663 ventriculo,
945 1587 1012 1674 qui
1038 1586 1081 1649 in
1101 1601 1183 1646 ace·
1219 1635 1223 1644 .

142 1692 272 1776 phalis
291 1693 432 1777 hepate
449 1681 693 1774 potissimum
716 1681 899 1775 cingitur.¹
930 1691 974 1754 In
998 1687 1182 1772 plurimis

142 1800 272 1858 autem
294 1792 489 1878 acephalis
512 1794 628 1858 tubus
659 1791 897 1858 intestinalis
920 1790 1045 1876 ipsam
1076 1788 1182 1854 subit

144 1897 300 1982 hepatis
318 1895 578 1964 substantiam
598 1893 674 1982 m).

227 2060 340 2144 Apud
372 2065 567 2124 crustecea
599 2077 732 2124 verum
763 2054 1001 2122 desideratur
1036 2055 1180 2138 hepar;
1301 2127 1305 2140 ¹

143 2167 234 2226 sunt
258 2165 387 2226 autem
410 2159 538 2226 tubuli
568 2158 789 2244 spongiosi,
811 2155 1079 2237 flavescentes,
1106 2155 1180 2220 hu·

142 2285 291 2332 morem
319 2283 522 2344 amarum,
542 2263 704 2330 badium
732 2267 999 2344 secernentes,
1020 2263 1086 2348 qui
1114 2263 1181 2327 he·

142 2368 245 2452 petis
265 2366 331 2432 hic
353 2372 491 2452 gerunt
518 2365 636 2430 vices.
666 2368 816 2430 Insecta
844 2363 1029 2448 denique,
1048 2369 1092 2428 ut
1119 2383 1181 2428 su-

140 2475 269 2556 perius
293 2471 677 2538 commemoravimus
688 2513 700 2546 ,
722 2469 878 2536 vascula
897 2472 1038 2552 gerunt
1066 2465 1180 2532 ssavi·

142 2575 192 2640 da
207 2576 479 2660 potissimum,
503 2593 598 2662 quae
617 2574 838 2646 humorem,
859 2571 935 2636 bili
957 2569 1178 2654 analogum,

141 2681 184 2744 in
204 2680 332 2744 varias
366 2679 452 2752 tubi
475 2676 719 2746 alimentarii
748 2679 875 2760 partes
895 2673 1085 2740 deferunt.
1117 2673 1180 2738 Vi-

143 2781 281 2846 dentur
313 2785 442 2853 antem
467 2797 613 2864 organa
639 2777 906 2864 cholopoitice
931 2779 974 2844 in
994 2777 1179 2844 classibus

141 2885 492 2970 imperfectioribus
525 2905 569 2950 ea
595 2883 845 2968 proportione
877 2880 1072 2961 deficere,
1103 2901 1179 2966 qua

20 3045 21 3066 ,
139 3007 289 3076 organa
330 2983 595 3073 respirationis
625 2985 752 3051 minus
792 2985 940 3052 fuerint
978 2983 1177 3064 restricta,

19 3131 39 3188 '.
141 3109 283 3178 perque
304 3111 437 3176 corpus
467 3090 691 3157 universum
715 3087 863 3163 diffuse·

240 3239 279 3324 e)
299 3249 561 3308 cnnvmlnum
577 3247 713 3321 Biologie
728 3247 751 3302 l.
768 3265 800 3322 p,
815 3249 878 3321 391.
890 3249 944 3313 1v.
966 3267 997 3324 p.
1014 3248 1078 3318 alli·
1097 3275 1108 3312 r

244 3381 298 3448 “)
317 3367 490 3438 GUVOER'S
506 3375 603 3448 vergi,
624 3375 713 3429 Anat.
732 3372 786 3439 111,
812 3390 844 3447 p.
862 3385 925 3445 ⁴711·
942 3401 978 3417 -·
992 3369 1177 3430 cnevius.

208 3465 283 3522 Nus
297 3465 321 3522 l.
338 3484 365 3530 o,
381 3466 407 3530 1.
421 3484 454 3538 p,
468 3463 534 3527 bob.
550 3465 602 3528 lv.
619 3481 652 3538 p.
669 3461 730 3528 416.
746 3477 795 3536 oq·

241 3597 273 3666 a)
288 3591 532 3650 rnuvmnnus
545 3593 568 3648 l.
587 3607 614 3646 o.
626 3589 678 3648 lv.
699 3607 731 3664 p.
748 3592 815 3660 too.

171 3729 181 3769 Ι
239 3721 274 3792 b)
291 3721 457 3778 Peoulieris
472 3733 518 3778 oet
530 3721 717 3789 observatio,
739 3719 820 3794 quod
834 3720 928 3793 hepar
953 3719 1017 3774 urei
1035 3717 1171 3792 glaciali·

209 3821 239 3867 et
258 3813 372 3886 phocae
396 3811 542 3868 vitulinae
568 3819 730 3866 venenatus
749 3809 858 3864 behert
879 3808 959 3864 vires
981 3805 1176 3878 (Bieman-

210 3898 339 3954 beeh'e
355 3897 433 3952 ndo.
450 3899 481 3960 d.
497 3899 592 3970 vergi.
608 3897 698 3952 Anat.
713 3914 745 3970 p,
761 3899 849 3968 179).

243 4027 273 4093 c)
292 4023 464 4078 mnnnnz
480 4023 576 4080 Elem.
601 4021 687 4095 phys.
704 4039 737 4097 p·
755 4021 817 4090 ⁵34·
833 4049 868 4062 ··
884 4004 1027 4077 oiivmn
1047 4018 1069 4073 1.
1093 4033 1121 4081 e,
1138 4035 1170 4088 p.

209 4115 271 4178 568·
283 4131 329 4184 aq.

244 4237 278 4311 e)
295 4239 448 4294 menen
467 4237 541 4296 sese.
560 4257 592 4315 p.
613 4239 674 4314 ⁵³7·
