2922 4996
142 387 1172 488 secr.11.DEcoruscarunt.surrecturum-93
1279 487 1285 499 ·

111 519 253 602 borurn
277 535 499 602 vertebram
520 531 806 610 descendendo,
833 541 986 620 partem
1015 537 1174 612 descen-

111 641 272 705 dentem
286 686 298 718 ,
311 639 374 704 cui
394 639 443 702 ad
456 638 645 704 interiore
664 645 780 722 caput
803 644 1047 723 pancreatis,
1070 655 1109 714 et
1128 647 1172 718 in

109 745 211 808 secie
223 746 440 827 posteriore
453 741 591 830 ductus,
604 741 1082 833 choledochuscontiguus
1099 759 1172 836 θεὶς

112 847 263 912 format
287 867 387 910 nunc
408 845 595 910 flexuram
619 846 848 922 secundam,
868 855 906 913 et
927 853 1166 944 constituit,

115 971 132 1014 e
154 951 296 1017 dextro
320 953 442 1015 tatere
469 949 518 1013 ad
528 949 869 1036 hypochondrium
883 953 1086 1032 sinistrum
1097 977 1171 1041 po.
1193 959 1200 970 '

111 1074 157 1117 ne
178 1058 312 1133 colum
332 1061 596 1118 transversum
608 1051 864 1130 decurrendo,
877 1061 1028 1138 partem
1040 1065 1172 1128 trans·

43 1233 46 1240 .
111 1175 266 1221 versam
291 1157 531 1221 inferiorern.
558 1155 732 1250 Perierat
753 1156 912 1220 tandem
935 1159 1166 1230 inferiorem

115 1263 305 1326 mesocoli
326 1259 542 1326 transversi
560 1261 780 1337 lamellam,
813 1267 851 1325 et
882 1262 1023 1332 dicitur
1051 1269 1171 1338 modo

119 1359 297 1444 jejunum
321 1364 378 1451 ⁰).

197 1509 334 1574 Potior
357 1507 524 1574 duodeni
546 1527 633 1592 pars
658 1507 759 1574 inter
791 1509 959 1580 laminas
985 1519 1172 1610 mesocoll

117 1617 337 1680 transversi
352 1614 607 1690 existit,textu
621 1613 803 1678 celluloso
816 1615 903 1682 laxo
918 1618 1173 1700 obductamn-

118 1717 161 1780 de
180 1717 404 1806 extensioni
423 1715 552 1780 minus
571 1713 733 1780 resistit.
755 1715 1021 1786 Producuntur
1034 1743 1056 1786 a
1079 1745 1172 1790 rene

118 1818 252 1886 dextro
266 1827 351 1884 tum
364 1825 401 1884 et
412 1840 435 1882 a
445 1820 548 1884 fossa
559 1824 779 1882 transversa
789 1819 942 1905 hepatis
954 1825 1173 1908 peritoneei

115 1919 242 2002 plicae
262 1921 304 1983 in
325 1919 562 2002 superiorem
581 1917 1024 2009 duodeniparternnuae
1045 1924 1085 1992 li
1097 1945 1173 2014 ga.

119 2029 252 2086 ment
269 2043 291 2084 a
309 2019 497 2105 (duodeni
517 2021 648 2086 renale
668 2029 706 2084 et
721 2020 894 2098 ,duodeni
920 2027 1171 2118 heptaticum)

122 2119 333 2202 dicuntur,
353 2123 532 2188 intestini
551 2125 652 2188 hanc
683 2124 1172 2210 portionem,mesenterio
1286 2119 1289 2126 Δ

120 2223 378 2302 destitutam,
398 2226 440 2290 in
459 2227 537 2290 situ
562 2228 833 2310 continentes,
855 2229 973 2316 inque
1002 2253 1173 2314 serosapn

55 2407 57 2416 y
122 2332 299 2395 tunicam
321 2351 534 2414 expansae,
557 2332 793 2413 superiorem
815 2329 894 2410 eius
923 2340 1075 2416 partem
1103 2359 1171 2404 ve·
1275 2383 1278 2390 ·
1390 2335 1397 2352 ⁴

121 2434 296 2500 stientes.
319 2433 466 2498 Tunica
488 2435 716 2500 muscularis
739 2433 890 2501 firmior
909 2437 974 2501 hic
995 2427 1076 2520 s'st3
1106 2441 1170 2508 i'n·

123 2533 219 2600 tima
233 2538 473 2633 ‘membrana
494 2536 693 2620 pauciores
713 2537 834 2602 habet
852 2539 974 2630 plicas
1003 2563 1045 2608 ac
1072 2545 1168 2612 reli·
1273 2609 1277 2618 .

118 2653 187 2722 qua
200 2643 330 2706 tenuis
349 2643 530 2706 intestini
549 2647 796 2726 pars,estque
808 2643 1028 2712 duodenum
1040 2651 1169 2733 magis

120 2741 391 2824 glandulosum
414 2751 452 2811 et
474 2747 719 2812 vesculosum
753 2753 869 2834 atque
887 2751 1169 2818 'rubicundius-

203 2911 370 2998 Reliqua
395 2889 576 2976 intestini
608 2909 733 2974 tenuis
764 2927 877 2995 pers:
907 2909 1168 2996 jejunum,
1215 2906 1219 2921 ¹
1249 2927 1252 2932 ’

122 3011 282 3100 reliquis
305 3015 429 3080 multo
453 3012 628 3098 longior,
650 3011 756 3075 intus
777 3011 943 3094 copiosis
969 3013 1085 3095 plicis
1104 3016 1166 3083 in·

123 3120 332 3192 structum,
351 3117 392 3180 in
411 3117 568 3200 regione
579 3157 591 3191 ,
611 3125 708 3201 quae
729 3113 988 3180 ventriculum
1010 3121 1049 3181 et
1078 3135 1166 3184 um·

119 3211 281 3286 bilicum
303 3219 535 3298 intercedit,
559 3219 810 3298 collocatum,
843 3223 958 3306 atque
1002 3219 1166 3318 ilion,

123 3318 255 3390 iliacae
277 3323 451 3414 rpgiones
474 3343 663 3408 occupans
677 3321 1060 3416 ,paucioribusvasie
1070 3365 1083 3402 ‚
1099 3343 1162 3394 co·

122 3423 352 3503 piosioribus
377 3445 468 3490 vero
500 3425 695 3512 glandulis
730 3426 1013 3505 informatum„
1048 3425 1165 3513 inque

123 3511 289 3596 crassum
313 3529 571 3608 intestinum,
596 3529 754 3594 valvula
776 3523 907 3598 tainen
921 3527 1165 3596 interceden-

121 3621 624 3710 te,continuatum'‚crasso
646 3632 835 3697 intestino
856 3650 1017 3696 coronae
1038 3633 1165 3701 instar

120 3739 362 3824 succingitur.
385 3739 581 3830 Firmatur
601 3738 688 3802 tubi
710 3737 950 3802 intestinalis
969 3737 1165 3824 haecpor-

121 3837 170 3902 tio
185 3837 407 3908 mesenterii
426 3836 516 3925 ope,
529 3842 635 3926 cujus
646 3841 808 3904 laminis
822 3841 878 3905 ita
898 3841 1109 3925 recipitur,
1120 3849 1165 3908 ut

123 3945 302 4012 eitimam
320 3947 368 4010 ab
390 3945 441 4010 iis
461 3945 709 4023 nanciscatur
731 3944 922 4017 tunicam.
956 3943 1053 4032 Gyri
1080 3949 1165 4034 ejus

125 4049 332 4146 serpentini
354 4050 645 4114 inconstantem·
661 4048 809 4112 hebent
829 4049 1026 4144 positum,
1046 4057 1165 4148 prout
1201 4140 1204 4151 Ι

124 4150 257 4238 quippe
290 4153 374 4238 ipsa
401 4153 496 4218 haec
528 4153 614 4218 tubi
644 4149 887 4220 elimentarii
916 4171 1004 4234 pers
1034 4171 1163 4234 ,vacua

124 4254 179 4318 rel
200 4256 349 4347 repleta
377 4256 524 4344 magis,
552 4260 623 4320 eut
648 4259 778 4338 partes
807 4254 959 4322 vicinae
991 4251 1163 4350 (ventri,
