2912 5000
273 291 347 368 los
455 283 544 351 ιιι.
561 283 590 348 1.
614 281 706 346 cir.
721 277 764 346 V.
779 283 842 348 Dr·
862 299 1144 357 usosrrion

277 429 450 510 noxain
479 425 708 510 sanguinem
730 399 912 510 infundi,
934 429 1175 528 inquorum
1204 439 1328 502 tranq.

277 531 580 616 mutaripossit.
796 540 800 548 ·

361 697 604 761 Concurrunt
638 691 688 755 ad
717 689 760 754 id
791 709 887 776 opus
924 691 1165 762 adminicula
1205 699 1327 763 varia.

167 837 173 846 ·
274 799 355 890 Ipsi
373 800 477 866 enim
498 797 666 882 parietes
692 816 873 860 vasorum
897 797 1191 864 absorbentium
1220 810 1327 868 motu

274 925 368 977 suo,
389 900 482 964 licet
509 899 759 982 inconspicua
771 939 783 973 ,
805 898 1022 986 particulas
1054 903 1229 968 contenti
1255 907 1328 969 hu·

274 1004 398 1070 moris
416 1001 627 1084 subigunt3
652 999 845 1064 adcedunt
874 1001 1010 1082 plexus
1042 1009 1082 1068 et
1103 1009 1326 1073 anastomo-

273 1127 337 1171 ses
356 1108 579 1192 frequentes
599 1105 650 1186 (ς.
676 1105 775 1179 168.),
793 1103 934 1190 quibus
951 1103 1136 1171 humores
1157 1109 1327 1174 diversa·

272 1228 362 1276 rum
384 1205 557 1292 partium
582 1205 818 1280 miscentur,
844 1205 910 1281 id,
930 1207 1043 1292 quod
1064 1207 1107 1274 in
1130 1211 1326 1297 glandulis

273 1307 529 1396 lymphaticis
560 1307 611 1390 (§.
646 1309 742 1394 169.)
772 1308 1087 1382 uberiusadhuc
1113 1313 1325 1395 perficitur.

271 1419 341 1484 His
360 1418 395 1480 si
413 1413 600 1490 addatur,
622 1411 726 1498 quod
747 1414 934 1478 materiae
951 1413 1197 1504 inquilinae,
1218 1439 1242 1482 a
1260 1440 1325 1482 va·

146 1526 151 1538 '
273 1522 327 1584 sis
345 1516 599 1606 lymphaticis
621 1522 839 1599 resorptae,
858 1537 904 1580 ex
934 1516 1069 1581 eodem
1094 1519 1225 1596 fonte,
1242 1540 1325 1583 san-

196 1699 201 1704 ,
273 1628 390 1711 guina
417 1623 631 1695 nimirum,
656 1621 916 1704 proveniant,
937 1642 1006 1686 nec
1041 1621 1159 1702 adeo,
1192 1625 1226 1688 si
1255 1626 1327 1688 ele·

273 1736 410 1794 menta
430 1731 671 1810 spectentur,
701 1723 907 1807 differant,
927 1730 966 1788 et
994 1725 1112 1790 facile
1133 1734 1325 1792 transmu·
1413 1723 1414 1728 ’

272 1833 353 1898 tari
383 1834 425 1896 in
455 1832 554 1894 alias
586 1829 827 1893 substantias
866 1830 1051 1910 possint,
1084 1831 1323 1916 homogenea

269 1934 460 2019 lymphae
474 1933 603 1994 forma
619 1934 659 1993 et
669 1930 838 1993 innocua
853 1933 1071 2014 plurimum
1091 1933 1244 1998 indoles
1264 1935 1321 1998 in·

270 2039 484 2121 telligetur.
516 2039 582 2100 Est
607 2042 737 2100 autem
765 2036 806 2102 id
833 2039 1058 2121 systematis
1088 2041 1323 2124 lymphatici

206 2143 213 2158 ⁸
270 2159 439 2216 munus,
458 2146 504 2204 ut
527 2141 653 2204 omnis
678 2139 864 2224 organica
881 2141 1032 2205 functio
1043 2181 1055 2217 ,
1073 2143 1322 2228 hiodynami·

272 2263 341 2308 cae
373 2244 589 2329 subjectum
622 2245 839 2326 potestati,
861 2245 973 2330 ¹quod
1009 2245 1215 2312 morbosae
1247 2247 1322 2332 ejus

274 2345 514 2411 adfectiones
545 2343 607 2432 (ς.
628 2351 731 2433 172.)
766 2354 805 2412 et
835 2348 1030 2430 remedia,
1057 2349 1201 2436 quihus
1227 2349 1325 2416 istae

273 2471 387 2536 saepe
408 2453 627 2529 tolluntur,
647 2454 743 2519 satis
762 2453 984 2527 ostendunt.

355 2627 473 2691 Exeo
495 2620 618 2710 igitur
643 2630 720 2700 est,
743 2621 844 2712 quod
874 2624 1118 2705 substantiae
1138 2625 1316 2706 aliquae,

167 2767 170 2772 ·
270 2722 365 2822 dum
397 2747 464 2810 per
492 2751 587 2794 vasa
612 2727 855 2814 lymphatica
886 2731 1148 2806 transierunt,
1178 2751 1320 2818 suaque

249 2901 251 2910 ,
272 2835 466 2921 qualitate
497 2841 672 2900 mutatae
699 2837 883 2910 fuerunt,
909 2834 992 2899 sine
1018 2829 1128 2900 omni
1155 2855 1261 2899 noxa
1280 2834 1320 2900 in

270 2942 499 3024 sanguinem
531 2935 813 3011 traducantur,
844 2959 977 3004 necem
1006 2960 1097 3004 vero
1128 2937 1318 3012 inferant,

269 3045 340 3110 ubi
365 3045 635 3130 praetermisso
657 3043 892 3127 lymphatici
924 3045 1147 3129 systematis
1175 3041 1318 3128 praesi-

273 3147 361 3224 dio,
388 3149 478 3214 sine·
498 3147 609 3214 omni
638 3143 930 3215 adsimilationo
959 3149 1139 3232 praevia,
1162 3149 1208 3216 in
1237 3168 1319 3212 san.

271 3251 431 3334 guinem
456 3252 602 3316 directe
632 3251 877 3334 perveniunt.
912 3249 971 3314 Sic
992 3271 1185 3316 venenum
1215 3251 1318 3334 vipe-

271 3353 404 3416 rinum
445 3353 487 3418 in
517 3354 747 3438 sangninem
785 3353 1037 3429 immissum,
1065 3353 1176 3419 illico
1211 3357 1318 3418 necat

271 3457 463 3522 animalia
487 3461 549 3544 ·),
571 3480 658 3524 cum
685 3477 750 3524 ore
769 3456 1011 3537 adsumtum,
1034 3461 1153 3526 etiam
1176 3461 1316 3545 majore
1348 3469 1355 3476 '

272 3562 517 3646 quantitate,
537 3584 616 3628 non
642 3566 767 3628 nocet.
798 3563 857 3627 Sic
889 3565 1011 3628 etiam
1040 3565 1144 3645 tela,
1163 3563 1316 3648 aliaqua

272 3684 402 3742 arma,
424 3669 581 3736 venenis
598 3669 772 3744 imbuta,
790 3669 921 3733 subito
942 3676 1106 3749 necant,
1127 3669 1222 3735 licet
1241 3686 1317 3730 ma·

271 3771 416 3847 toriae,
449 3773 587 3859 quibus
616 3774 889 3868 impraegnata
914 3771 1097 3858 leguntur
1118 3775 1174 3860 ⁹⁸)
1187 3815 1198 3850 ,
1220 3767 1318 3838 haud

271 3893 425 3958 semper
447 3883 528 3940 tam
546 3877 627 3940 sint
644 3883 833 3958 potentes.
855 3875 1056 3940 Pertinent
1074 3873 1149 3940 huc
1166 3879 1203 3938 et
1218 3872 1317 3936 infu-

111 3981 112 3988 ’
197 3961 202 4007 ¹¹
244 3977 421 4080 'sionest
444 3979 591 4043 etenim
612 3981 746 4044 sebum
764 3978 1044 4064 liquefactum,
1070 3977 1218 4054 oleum‘,
1236 3973 1315 4048 lac„

272 4080 415 4166 etipse
433 4080 592 4148 demum
615 4084 701 4162 sir,
721 4083 831 4150 venis
852 4084 1040 4168 impulsa,
1062 4087 1230 4148 mortem
1250 4071 1313 4140 ad·
