2898 4992
494 355 552 421 Da
579 363 847 420 sornrrronr.
1146 363 1211 441 485

156 471 381 592 symbolam
423 501 473 571 ad
513 499 742 580 servandam
784 501 909 568 vitam
948 490 1206 568 individuam.

155 607 312 674 Praeter
335 607 376 671 id
395 603 594 690 publicum
620 601 795 670 officium
818 603 907 689 pari
927 606 1053 670 omnis
1076 624 1207 690 repro·

156 711 356 776 ductivum
378 711 479 796 gerit
501 729 658 785 munus,
672 729 745 795 quo
765 716 887 776 semet
908 711 1034 796 ipsam
1057 731 1208 776 conser-

154 819 223 878 vat·
237 857 247 892 ,
270 815 475 881 materiam
501 818 539 905 et
560 815 660 879 vires
683 813 888 898 suiipsius
911 819 1116 878 restaurat.
1141 815 1208 880 Est

153 915 262 981 'enim
292 936 380 1000 pars
416 906 574 1000 quasvis
606 934 778 1001 organon
808 915 922 980 simul
954 918 1207 984 secretorium

154 1019 171 1102 (
192 1026 221 1096 t.
241 1017 370 1106 349.),
391 1016 571 1102 specifica
598 1039 667 1084 sua
697 1019 920 1104 energia‘in
950 1001 1179 1102 sanguinem
1192 1007 1218 1098 ,⁴

153 1123 270 1209 inque
294 1120 507 1186 nutritium
527 1141 612 1186 eum
633 1140 818 1206 vaporem
839 1123 889 1204 (ς.
914 1123 1017 1209 403.)
1039 1123 1091 1186 sic
1117 1143 1204 1186 rea-

153 1247 267 1313 gcns,
292 1231 336 1290 ut
358 1225 689 1310 metamorphosin
718 1227 876 1297 suscitet
899 1227 1088 1303 vitalem,
1113 1229 1203 1291 sub-

153 1329 391 1396 stantiarum
428 1327 735 1410 adventitiorum
768 1333 969 1396 convertat
1002 1333 1204 1408 naturam,

153 1434 304 1521 sibique
332 1433 487 1518 penitus
508 1429 713 1496 adsimilel.

240 1599 334 1676 cnm
362 1595 586 1664 secretionis
612 1614 808 1678 processus
841 1597 994 1680 penitus
1028 1600 1204 1684 cognitus

155 1703 262 1768 haud
283 1702 336 1766 sit
359 1700 410 1785 (ς.
433 1701 545 1788 355.),
566 1697 731 1763 nutritio
753 1706 882 1766 autem
904 1705 1125 1768 secretionis
1153 1705 1205 1770 sit

157 1801 322 1881 modus,
347 1803 460 1868 istius
489 1791 705 1876 theoriam,
728 1801 835 1866 omni
868 1803 1021 1868 ratione
1050 1804 1205 1868 abs'olu-

155 1915 264 2000 tam,
298 1911 514 1974 construere
544 1904 649 1970 haud
676 1921 888 1985 possumus.
925 1907 977 1972 Ex
1013 1907 1061 1972 iis
1091 1926 1204 1986 vero,

156 2035 254 2102 quaa
279 2015 395 2100 paulo
421 2017 511 2078 ante
544 2012 563 2099 (
578 2022 606 2094 §.
625 2015 736 2100 403.)
765 2011 988 2091 docuimus,
1012 2011 1106 2077 satie
1136 2011 1204 2076 ad-

152 2122 289 2201 paret,
311 2115 546 2199 multiplices
581 2137 659 2181 esse
688 2135 843 2210 causae,
874 2113 922 2178 ad
947 2113 1205 2212 nutqitionam

154 2223 445 2298 concurrentes,
470 2215 719 2302 omniumque
750 2217 955 2302 organicas
987 2218 1091 2282 vitae
1116 2217 1206 2280 sun·

153 2325 325 2388 otiorum
350 2327 535 2387 concentu
558 2319 687 2398 effici,
707 2326 752 2386 ut
774 2321 1000 2386 materiales
1023 2329 1060 2388 et
1082 2323 1205 2407 dyna-

151 2427 276 2492 micae
299 2425 485 2492 materiae
507 2427 711 2511 organicae
735 2410 944 2510 qualitates
960 2426 1000 2490 in
1023 2446 1090 2490 sua
1115 2447 1205 2492 cou-

153 2535 352 2596 ssrventur
383 2531 625 2615 integritate.
662 2529 828 2594 Materia
859 2527 980 2614 igitur
1011 2529 1202 2602 nutritio,

151 2637 214 2698 tot
227 2672 237 2706 ,
258 2639 417 2718 tamque
439 2631 718 2715 multiplicium
739 2649 972 2716 organorum
996 2631 1110 2696 vitali
1133 2651 1199 2696 en·

147 2735 256 2822 orgia
289 2740 450 2820 parata,
474 2755 540 2818 per
582 2734 786 2818 capillares
821 2735 985 2800 arterias
1011 2735 1051 2798 in
1071 2740 1202 2817 partes

148 2839 322 2923 singulas
343 2837 489 2918 lertur3
517 2837 680 2903 suscitat
710 2839 946 2903 rsaotionem
976 2837 1140 2904 vitalem
1163 2842 1203 2902 et

150 2941 391 3026 singularem
414 2941 657 3016 conflictum,
685 2960 759 3029 quo
781 2939 1107 3023 metamorphosis
1131 2959 1200 3023 po·

149 3049 260 3114 nitur
279 3051 368 3135 tnnp
386 3046 427 3112 in
454 3045 616 3134 liquidis
637 3091 648 3126 ,
667 3052 752 3112 tum
773 3045 814 3112 in
842 3045 977 3112 solidis
1002 3045 1179 3130 partibus
1187 3085 1199 3121 ‚

150 3159 266 3237 atque
296 3149 510 3215 formarum
531 3157 569 3216 st
596 3131 830 3236 qualitatum
861 3149 1099 3214 convertitur
1122 3153 1200 3213 sta-

150 3263 225 3321 tus.
273 3252 476 3348 Contingit
506 3251 626 3338 igitur
654 3243 898 3318 biochemioa
928 3257 965 3318 et
992 3249 1200 3338 dynamica
1259 3257 1264 3266 “

153 3356 351 3442 operatio,
376 3375 472 3444 quae
492 3355 685 3440 duplicem
715 3356 831 3420 simul
850 3355 964 3439 ponit
994 3352 1198 3422 effectuosa

150 3458 366 3546 particulae
405 3457 529 3535 allae,
552 3457 766 3542 expensivis
797 3457 944 3522 viribus
976 3461 1197 3544 superatae,

152 3565 432 3650 colliquescunt
455 3607 465 3644 ,
502 3563 743 3658 resolvuntur
773 3565 811 3627 et
854 3561 1197 3628 destruuntur

150 3668 201 3751 (ς.
221 3669 335 3753 4η),
354 3667 524 3754 ipsisque
546 3655 755 3734 traduntur
776 3665 890 3740 vasis,
907 3662 1196 3732 resorbentihus

150 3765 210 3851 (l.
230 3765 354 3854 ado-h
382 3771 482 3836 aliae
519 3790 633 3868 vero²
663 3770 811 3835 viribus
845 3769 1093 3836 contractivis
1126 3765 1193 3830 ad·

148 3869 365 3950 densatae,
401 3879 437 3937 et
473 3874 661 3940 materiae
697 3873 898 3960 organicae
935 3869 983 3936 ad
1020 3869 1193 3954 aliquam

148 3973 427 4055 perfectionem
472 3959 756 4055 adsimildtae,
793 3970 973 4059 specifica
1027 3971 1196 4054 cujusvis

148 4079 270 4160 partis
303 4077 343 4144 vi
390 4079 676 4159 attrahuntur,
715 4079 866 4164 ipsique
908 4077 1096 4140 materiae
1140 4096 1197 4140 or-

145 4180 307 4267 ganicas
339 4198 433 4278 app
454 4199 474 4246 o
494 4199 590 4250 nun
609 4187 693 4250 tur
731 4188 769 4249 et
799 4181 944 4246 intime·
977 4179 1194 4258 uniuntur,
