2898 4992
264 413 334 492 508
371 408 460 476 Lis.
479 405 507 478 1.
521 410 618 516 carr
629 407 726 478 vm.
746 409 807 474 De
833 423 1002 476 canonis
1025 422 1212 474 onssmcr
1266 443 1270 452 ·

138 601 142 612 .
260 544 510 630 gangliosum
537 554 709 633 systema
738 548 883 614 habeat
916 546 1139 620 influxum,
1172 544 1289 608 febres

259 647 491 724 ostendunt,
515 671 539 714 a
568 639 758 736 di'gestivo
791 657 983 736 apparatu
1016 651 1203 734 originem
1236 669 1293 711 su·

257 759 423 834 mentes,
435 751 599 820 adfectio
618 754 815 840 hysterica
834 760 872 836 et
884 753 1031 820 malum
1053 751 1293 840 hyponcbon·

258 854 458 942 orianum,
490 857 532 920 in
561 856 699 942 quibus
734 859 839 922 calor
869 860 933 924 vel
956 858 1124 942 positive
1145 861 1296 936 augetur

157 951 162 958 ’
258 959 322 1022 vel
343 957 557 1034 minuitur,
575 961 638 1027 vel
657 979 749 1026 vero
770 962 951 1029 morbosa
969 963 1109 1028 saltem
1128 961 1294 1026 oboritur

256 1061 398 1140 caloris
429 1069 497 1128 aut
524 1062 682 1148 frigoris
716 1067 902 1132 sensatio.

338 1231 520 1301 Plurimis
543 1223 673 1300 autem
705 1235 1040 1302 observationibus
1062 1213 1293 1324 compertum

254 1338 466 1417 habemus,
485 1341 676 1406 cerebrale
708 1329 880 1428 sy'stem'a
909 1362 993 1406 curn
1015 1343 1294 1429 thermogenesi

254 1440 298 1514 in
317 1442 462 1532 insigni
482 1445 642 1510 existere
660 1443 870 1528 relatione.⁴
884 1447 1105 1530 Organismi
1125 1451 1225 1514 enim
1243 1448 1297 1509 in-

253 1545 409 1611 ferioris
428 1548 592 1624 ordinis,
613 1535 772 1632 plantae
792 1554 830 1612 et
849 1550 1045 1634 zoophyta
1066 1551 1297 1634 (§§.no.ar.)‚

218 1667 224 1674 ¹
252 1649 436 1716 omnibus
466 1654 581 1735 plana
613 1652 744 1716 nervis
774 1649 982 1726 destituta,
1009 1652 1189 1736 exiguum
1215 1669 1296 1734 pro-

254 1752 402 1837 ducunt
424 1758 586 1820 calorem
599 1799 610 1832 ‚
632 1760 671 1818 et
691 1753 837 1818 habent
860 1755 1070 1816 maximam
1102 1739 1296 1836 temperiei

255 1855 537 1936 latitudinem,
567 1853 615 1918 ab
652 1862 810 1920 externo
854 1844 983 1918 'calore
1016 1853 1296 1938 dependentem.

256 1951 433 2039 insecta,
456 1980 630 2035 vermes,
655 1960 776 2042 pisces
795 1963 833 2022 et
861 1957 1088 2040 amphibia,
1112 1978 1207 2044 quae
1229 1954 1298 2020 exi·

254 2083 331 2148 guo
354 2064 524 2149 gaudent
542 2065 695 2126 cerebro
707 2108 730 2146 ‚⁴
743 2064 909 2128 calorem
932 2063 1100 2146 gignunt
1125 2070 1207 2126 tem
1227 2059 1298 2123 exi·

255 2171 413 2246 iem,ut
429 2167 658 2252 temperiem
679 2167 801 2231 medii
816 2164 878 2242 ,in
906 2186 980 2252 quo
999 2166 1301 2252 degunt‚parum

255 2279 412 2336 tantum
444 2279 609 2356 superet.
643 2272 686 2336 In
707 2271 844 2335 avibus
868 2277 1054 2334 autemst
1082 2269 1296 2334 mammarii·

250 2377 345 2452 bus,
381 2365 450 2440 ubi
483 2365 684 2442 cerebrum
710 2373 758 2438 ad
786 2393 922 2456 corpus
940 2373 1152 2458 'reliquum
1181 2373 1296 2438 maxi·

255 2497 364 2542 mum
386 2477 506 2542 habet
523 2479 707 2542 volumen
729 2475 967 2562 b),·naiivus
988 2479 1091 2540 calor
1113 2479 1295 2542 maximus

254 2585 334 2656 est,
357 2587 396 2644 et
415 2571 581 2643 minima
602 2579 682 2661 ejus
703 2577 874 2644 latitudo
900 2577 951 2660 (ς.
973 2581 1091 2664 cop).
1124 2582 1163 2646 Si
1183 2579 1295 2663 igitur

256 2682 447 2748 animalia
473 2681 618 2766 frigida
648 2701 733 2762 oum
752 2665 894 2746 ⁴calidis
927 2689 1220 2764 comparentur,
1243 2701 1295 2744 ce·

249 2787 357 2852 rabri
376 2785 541 2850 influxus
561 2785 602 2849 in
624 2785 935 2869 thermogenesin
959 2786 1162 2852 evidenter
1183 2805 1291 2870 appa·
1324 2855 1327 2860 ¹

255 2893 315 2952 ret
326 2931 337 2966 ‚
357 2887 473 2964 adeo,
493 2895 538 2953 ut
555 2883 657 2952 ratio
683 2889 763 2952 fere
794 2887 846 2952 sit
866 2893 1042 2952 constans
1060 2888 1165 2955 inter
1194 2909 1295 2953 ence-

254 2989 367 3074 phali
400 2994 544 3056 molem
578 2999 616 3055 et
645 2992 848 3074 temperiei
879 2988 1072 3076 gradum,
1105 2993 1169 3070 id,
1203 2987 1296 3078 quod

254 3082 330 3160 cel-⁵
360 3099 620 3162 Bnumtrsnaca
661 3097 805 3160 dudum
836 3095 1032 3162 divinavit
1068 3101 1135 3182 c),
1170 3099 1297 3160 Roosa

257 3197 413 3264 uberius
437 3199 651 3264 declaravit
663 3199 731 3286 d),
750 3197 901 3268 Bromii
924 3199 1199 3284 experimentis
1221 3197 1292 3262 evi-

259 3301 314 3366 cit
333 3291 658 3389 e),stee1.Nssss
681 3303 760 3370 suis
783 3303 995 3368 illustravit
1016 3302 1237 3369 ratiociniis
1250 3301 1295 3385 f).

1078 3407 1085 3440 i

336 3463 404 3528 Per
427 3465 712 3548 experimenta,
736 3465 923 3550 quae'cel.
945 3465 1097 3542 Bsouus
1113 3465 1157 3532 in
1181 3459 1294 3530 variis

250 3563 586 3658 calidi‘sanguinis
608 3565 844 3631 animalibus
865 3566 1059 3642 instituit,
1082 3563 1296 3634 didicimus,

211 3690 215 3702 ·
257 3666 561 3764 quod.medulia
590 3669 734 3754 spinali
761 3671 933 3754 proxime
960 3669 1007 3734 ad
1028 3688 1141 3734 suum
1170 3683 1296 3731 ecavo

257 3772 382 3838 cranii
406 3793 614 3866 egressum!
631 3781 773 3862 resecta
784 3821 795 3854 ,
825 3767 1137 3856 et'respiratione
1159 3791 1226 3856 per
1245 3767 1296 3830 in·

256 3876 396 3942 flatum
440 3881 566 3944 adrem
599 3881 640 3944 in
672 3881 868 3965 tracheam
907 3881 1151 3950 sustentata,
1181 3871 1299 3937 cordis

256 3987 385 4053 motus
408 3984 628 4060 continuet,
659 3981 859 4067 sanguinis
885 3981 1054 4046 mutatio
1079 3981 1121 4044 in
1153 3978 1299 4064 pulmo·

257 4084 372 4150 nibus
393 4085 521 4150 debite
539 4085 721 4168 procedat
742 4084 874 4166 (conf.
897 4065 927 4162 ζ.
950 4094 1024 4168 338.
1041 4086 1057 4168 )
1070 4123 1080 4158 ‚
1102 4083 1184 4166 ipsa
1212 4095 1298 4144 vero

260 4189 364 4272 reior
403 4189 581 4256 animalis
611 4191 786 4276 pluribus
820 4191 1004 4276 gradihus
1039 4188 1298 4272 deprimatur,

251 4296 293 4374 pt
310 4291 536 4358 sacrationes
554 4295 671 4376 simul
687 4293 962 4376 *cohibeanturs
980 4289 1178 4376 comperit
1193 4305 1298 4378 pras·
