2922 4996
254 441 315 512 150
354 425 440 492 er.
452 421 481 489 1.
494 423 583 488 css.
595 423 641 490 ΙΙ.
652 423 710 486 Du
725 433 1197 488 scruurmscrsrrorrr.

252 569 411 636 luerunt
430 568 472 630 ln
495 565 720 630 hominibus
740 571 778 628 et
798 564 923 629 brutis
937 609 948 641 ,
961 564 1149 648 separati,
1163 581 1297 626 omen·

254 677 296 736 to
315 669 454 756 majori
471 689 648 736 vesorum
666 653 973 752 s'enguiferorum
995 687 1064 750 ope
1086 667 1295 732 cohaeren-

255 778 337 850 tes,
367 767 760 840 succenturiati
789 769 968 838 lienes·
1003 767 1130 832 Dubia
1159 775 1293 833 tumen

253 882 345 944 sunt
360 873 583 944 testimonie
602 871 647 940 de
669 873 870 958 congenito
891 872 1004 978 lienis
1022 870 1173 936 delectu
1194 871 1272 956 *').

340 1035 432 1104 Cum
453 1034 532 1104 lien
559 1033 670 1097 valde
697 1034 749 1100 sit
780 1033 960 1110 mobilis,
981 1039 1019 1098 et
1040 1033 1114 1101 soli
1146 1031 1295 1098 ventri·

252 1139 343 1202 ‘culo
363 1139 505 1203 arctius
525 1141 746 1218 cohaerent,
766 1143 877 1206 istius
908 1138 1082 1226 sequitur
1100 1139 1298 1226 positum,

255 1240 415 1320 utjadeo
438 1245 636 1308 stomaclso
657 1245 770 1329 pleno
797 1249 1058 1308 transversum
1081 1243 1183 1318 sere,
1207 1241 1296 1304 illo·

258 1363 330 1429 que
361 1343 512 1408 inanito
540 1344 896 1428 perpendicularem
925 1366 1045 1428 paene
1076 1345 1216 1410 haheat
1243 1341 1298 1405 si·

256 1455 353 1512 turn.
391 1449 549 1518 Alterno
590 1449 689 1535 dein!
710 1449 1016 1534 diaphragmetis
1059 1451 1192 1524 motu,
1219 1463 1299 1510 unu

258 1573 344 1618 cum
378 1551 593 1621 ventriculo
626 1547 846 1620 entrorsum
881 1557 918 1616 et
950 1552 1153 1626 deorsum²
1181 1557 1301 1631 etque

259 1674 410 1720 cursum
434 1662 471 1718 et
492 1660 698 1739 retrorsum
721 1653 892 1737 pellitur.
915 1653 1107 1718 Relexetis
1129 1657 1305 1735 praeter-

259 1777 304 1821 ee
335 1757 560 1841 ligamentis
588 1757 796 1822 lienelihuc
833 1777 947 1841 scope
975 1754 1048 1836 fit,
1072 1761 1115 1821 ut
1146 1756 1300 1831 viscus,

258 1861 364 1940 cuiue
394 1859 541 1944 pondua
564 1861 738 1925 morbose
763 1867 917 1926 auctum
950 1861 1100 1937 fuerit,
1122 1859 1298 1930 nativum

260 1963 410 2034 deseret
429 1959 578 2040 sed'em,
601 1967 763 2050 suntque
784 1961 881 2045 alii,
900 1965 966 2054 qui
987 1969 1074 2046 post
1101 1961 1298 2032 Aristo·

259 2067 417 2134 telem
450 2072 487 2135 et
515 2065 736 2136 Plinium
764 2066 1041 2148 observarunt²
1073 2065 1216 2133 lienem
1253 2061 1297 2132 in
1337 2141 1341 2148 ¹

204 2207 209 2215 -
260 2167 394 2235 dextro
426 2169 545 2232 lutere
573 2169 714 2248 fuisse,
744 2170 905 2256 reliquis
934 2170 1052 2236 simul
1081 2167 1296 2234 visceribus

258 2270 422 2342 inversis
437 2273 493 2362 a).
516 2274 738 2340 Inconstans
760 2291 908 2358 quoque
924 2257 1124 2338 ‘licuisset
1145 2270 1298 2353 magni,-

259 2373 369 2440 tudo:
393 2376 535 2440 etenim
556 2377 768 2447 ventriculo
798 2379 912 2466 pleno
937 2375 1090 2452 minor,
1112 2395 1154 2447 eo
1176 2391 1295 2444 vacuo

259 2478 384 2554 maior
407 2477 664 2562 conspicitur,
685 2478 782 2562 quod
805 2501 827 2542 e
844 2475 1042 2564 sanguinis
1060 2478 1240 2566 uberiore
1259 2481 1299 2542 et

259 2581 412 2646 minore
449 2583 686 2670 quontitate,
711 2582 752 2646 in
785 2582 1046 2650 ventriculum
1077 2579 1296 2660 adfluente,

259 2688 510 2771 repetendum
541 2697 608 2755 est.
638 2693 765 2762 Minor
793 2691 980 2774 reperitur
1004 2689 1083 2760 lien
1100 2689 1141 2753 in
1168 2688 1300 2754 homi·

150 2801 154 2810 '
259 2792 375 2858 nibus
399 2801 436 2860 ot
456 2795 582 2859 brutis
605 2801 728 2860 morte
761 2796 967 2862 suhiteneu
994 2794 1295 2880 peremtis,me·

260 2893 321 2974 ior
355 2895 397 2959 in
422 2895 492 2970 iis,
516 2895 716 2981 inquibus
749 2895 952 2964 diuturnus.
983 2897 1189 2980 Praecessit
1212 2883 1298 2960 len·

259 3015 368 3084 guor.
410 2999 584 3090 Denique
616 3003 768 3068 nullum
794 2999 835 3065 in
868 3000 1031 3070 animali
1059 3020 1212 3086 corpore
1240 3008 1299 3072 est

257 3100 404 3174 viscus,
428 3102 527 3190 quod
551 3103 674 3168 tantis
694 3102 902 3171 obnoxium
922 3104 975 3168 sit
992 3105 1114 3168 relate
1136 3103 1184 3167 ed
1213 3123 1298 3168 mo-

259 3201 336 3266 lem
363 3207 401 3264 et
421 3203 710 3266 consistentiam
735 3205 925 3270 morbosis
947 3207 1230 3296 varietatibus,
1249 3211 1295 3271 ut

260 3305 342 3392 ipse
361 3305 440 3368 lien
462 3313 590 3391 estque
607 3307 744 3392 ingens
767 3329 878 3393 scope
900 3311 1035 3395 orgeni
1054 3313 1233 3378 volumen
1254 3311 1297 3384 in
1379 3291 1386 3304 ¹

261 3407 366 3472 cunis
388 3425 537 3492 quoque
559 3409 784 3476 hominihus
802 3413 862 3498 b).
893 3413 1049 3480 Homini
1073 3413 1152 3480 fere
1172 3416 1299 3482 maxi.

262 3528 355 3582 mus
370 3500 427 3572 es't
447 3510 548 3576 inter
568 3515 796 3578 memmallo
816 3510 1090 3602 splen3'multo
1112 3516 1235 3581 minor
1255 3518 1298 3590 in

260 3613 369 3682 foetu
390 3633 504 3700 quam
526 3616 567 3678 in
589 3615 746 3692 adulto,
770 3617 903 3704 inquo
928 3639 951 3681 o
971 3640 1034 3688 sex
1053 3639 1170 3705 usque
1192 3621 1302 3686 sede·

264 3717 340 3780 cim
372 3719 502 3786 uncias
516 3763 525 3796 ,
549 3719 581 3783 si
610 3721 782 3784 normale
810 3719 1005 3812 intelliges
1029 3721 1205 3804 pondus,
1230 3744 1298 3809 ep-

261 3821 445 3907 pendere,
468 3829 583 3907 etque
606 3823 661 3912 1s5
680 3819 835 3908 hepatis
866 3831 1016 3912 purtem
1038 3825 1191 3896 circiter
1219 3827 1299 3898 effi·

263 3943 348 3994 cere
366 3925 464 3992 solet
484 3929 538 4012 c).

226 4135 228 4142 .
343 4087 589 4152 Involucrum
611 4089 797 4153 extimum
827 4088 939 4156 lienis
960 4113 1088 4159 serore
1118 4099 1174 4161 est
1193 4096 1300 4161 tuni·

263 4211 327 4269 cs,
348 4212 371 4256 o
392 4191 616 4274 peritonoeo
643 4192 853 4274 producte:
878 4195 1006 4262 mittit
1032 4219 1170 4283 nempe
1197 4199 1304 4268 tuui-
1383 4190 1389 4205 ’

261 4313 307 4358 ce
332 4291 466 4358 eedem
492 4291 783 4378 duplicaturum
812 4314 931 4364 uuum
956 4319 981 4364 e
1002 4298 1298 4388 diaphragmete
