2892 5004
272 401 313 470 62
355 397 444 467 ιη.
464 394 494 461 Ι.
513 393 605 458 car.
623 389 670 454 11.
688 389 1226 457 noanneannrersrrosr.
1350 367 1357 377 ⁸

269 561 355 612 cum
378 543 543 625 quatuor
561 531 819 619 autquinque
840 533 984 599 surculi
995 533 1043 598 ab
1057 534 1201 599 arteria
1212 537 1313 618 sple-

270 649 380 725 nica‚
400 637 628 706 arteriae
653 637 831 700 breves
854 635 1016 701 dicti.-
1036 637 1311 720 Venaeeius-

269 753 357 818 dem
378 742 570 814 nominis,
593 737 745 802 arteriis
768 735 975 820 ampliores
1000 741 1038 802 et
1059 741 1230 806 valvulis
1249 743 1314 808 ds·

195 889 205 912 ,ι
270 856 453 926 stitutae,
471 870 493 912 a
514 841 764 928 capillaribus
786 841 941 906 arteriis
962 842 1190 938 sanguinem
1215 849 1313 912 reei-

267 959 406 1044 piunt„
427 954 630 1032 feruntque
652 952 806 1023 omn'es,
829 945 994 1028 exceptis
1015 947 1165 1032 aliquot
1185 969 1310 1026 venae

268 1058 489 1150 coronariae
512 1052 694 1120 sinistrae
713 1039 852 1126 ramis,
883 1052 949 1136 qui
970 1049 1026 1126 in,
1041 1039 1182 1116 rebam
1216 1075 1307 1140 azy-

265 1185 356 1256 gam
366 1163 577 1234 transeunt,
589 1155 636 1218 ad
655 1154 888 1218 lienalemet
906 1159 1106 1237 portarum
1117 1175 1313 1222 venam.-
1381 1225 1387 1240 ,

264 1271 388 1334 Vasa
410 1257 746 1325 absorbentia
772 1256 943 1339 plurima
965 1255 1005 1320 in
1036 1277 1191 1323 mucosa
1216 1279 1315 1324 ven·

266 1369 401 1451 triculi
420 1362 622 1448 superficie
640 1361 819 1426 oriuntur
832 1379 842 1438 3
855 1359 1056 1425 confluunt
1076 1362 1119 1426 in
1131 1365 1313 1429 arcusin-

265 1473 354 1560 gulo
373 1471 417 1534 in
439 1475 595 1531 truncos
611 1459 845 1546 principales
861 1506 872 1540 ,
889 1467 1092 1536 transeunt
1105 1462 1310 1547 glandulas
1344 1534 1358 1558 Ι

261 1571 544 1663 lymphaticus,
559 1568 600 1632 in
618 1570 725 1630 textu
747 1564 928 1628 celluloso
947 1565 1169 1641 haerentes,
1182 1569 1221 1629 et
1239 1565 1308 1628 ab-

268 1676 431 1756 euntin
451 1673 607 1737 ductum
627 1668 882 1732 thoracicum.

351 1818 544 1886 Maximae
565 1811 770 1895 dignitatis
792 1815 881 1886 aunt
901 1805 1044 1874 nervi
1073 1803 1309 1894 ventriculi,

269 1928 336 2016 qui
351 1941 503 1990 sensum
517 1917 750 2003 peculiarem
775 1915 851 1997 (pt.
869 1931 943 1997 257.
957 1915 1055 2000 266.)
1067 1913 1102 1977 ei
1113 1914 1309 1995 tribuunt,
1338 1981 1341 1988 .

176 2079 181 2090 .
268 2033 425 2115 ejusque
455 2023 672 2110 gubernant
696 2017 834 2082 vitales
868 2016 1102 2100 functiones.
1143 2015 1311 2082 subtiles

265 2133 423 2222 quidem
453 2130 562 2204 sunt,
585 2141 719 2188 verum
749 2122 969 2207 frequentes
1008 2120 1123 2205 hujus
1150 2119 1309 2186 visceris

266 2234 397 2313 nervi,
418 2227 580 2296 arterias
592 2225 804 2310 plurimum
816 2226 962 2291 retibus
975 2226 1190 2312 cingentes,
1204 2245 1311 2290 cum·

160 2406 163 2414 ,
268 2363 340 2430 que
361 2337 448 2404 istis
473 2331 731 2398 muscularem
765 2334 802 2392 et
823 2327 1009 2416 intimam
1040 2329 1215 2394 tunicam
1245 2349 1313 2413 pe·

268 2446 476 2510 netrantes.
499 2433 698 2498 Pertinent
713 2431 781 2495 isti
802 2433 1026 2517 ceteroquin
1058 2431 1106 2496 ad
1131 2434 1310 2518 ganglia*

265 2565 354 2614 rum
376 2549 568 2629 systema,
592 2535 853 2634 intercedente
873 2555 990 2601 nervo
1012 2554 1110 2620 vago
1132 2531 1309 2622 (§.181·),¹

269 2668 355 2717 cum
371 2635 525 2712 cerebro
543 2641 732 2726 peculiari
749 2637 862 2718 modo
884 2639 1071 2717 connexi,
1092 2640 1193 2706 unde
1205 2643 1309 2708 actio·

226 2756 229 2765 ’
264 2749 459 2822 stomachi
479 2742 747 2812 involuntaria
766 2741 919 2826 penitus
944 2748 1023 2818 est,
1060 2741 1310 2828 coenaesthe·

265 2858 300 2924 si
319 2862 460 2922 tamen»
472 2852 514 2914 in
532 2846 781 2912 manifestum
802 2864 976 2920 sensum,
993 2853 1078 2910 tum
1100 2845 1141 2928 in
1153 2863 1309 2963 norma-

194 2956 201 2974 ‘
267 2962 298 3026 li
319 2963 423 3024 statu
444 2953 496 3036 (ς.
512 2949 639 3038 (259),
657 2957 743 3014 tum
765 2949 808 3014 in
819 2951 999 3014 morboso
1014 2951 1067 3033 (ς.
1094 2951 1188 3036 185.)
1202 2955 1308 3018 exab-

190 3129 193 3136 Δ
269 3061 411 3142 tanda,
433 3064 499 3122 aut
521 3058 563 3122 in
583 3055 714 3157 variae
735 3051 976 3137 sympathias
994 3053 1043 3138 (§.
1067 3057 1163 3140 242.)
1187 3057 1310 3122 addu-

266 3167 398 3246 cenda.
420 3163 634 3229 cohaerent
653 3159 763 3224 nervi
784 3165 822 3222 et
848 3159 978 3240 plexus
1005 3157 1164 3244 gastrici
1194 3179 1307 3242 prae·

269 3272 379 3356 cipue
402 3287 488 3332 curn
508 3265 622 3348 plexu
647 3261 811 3326 coeliaco
833 3259 885 3339 (l.
921 3271 991 3334 180·
1020 3283 1057 3324 n.
1089 3264 1139 3349 1.)
1151 3283 1164 3340 ·,
1198 3264 1308 3345 cujus
1341 3347 1346 3355 ,

203 3405 205 3412 ·
269 3395 341 3458 ope
360 3391 445 3436 cum
465 3367 640 3452 pluribus
658 3361 877 3428 abdominis
906 3364 1118 3428 visceribus
1153 3369 1304 3432 ventri·

269 3478 373 3542 culus
394 3471 586 3555 jungitur3
607 3483 692 3528 oum
714 3486 832 3532 nervo
856 3485 955 3551 vago
989 3471 1120 3530 autem
1148 3476 1307 3538 nestun.

267 3579 332 3650 tur
351 3598 419 3664 per
438 3573 698 3655 oesophageos
718 3568 852 3650 plexus
875 3568 937 3654 b).

371 3707 403 3773 a)
433 3703 466 3756 ln
485 3699 646 3768 embryone
666 3703 696 3748 et
712 3692 826 3780 infante
851 3691 1039 3748 ventriculus
1069 3693 1135 3750 l'ere
1161 3695 1304 3768 globosus

335 3803 392 3850 ast.
412 3787 570 3867 Feminrus
587 3780 744 3852 angustior
759 3787 790 3832 et
808 3778 900 3850 magis
919 3778 1088 3852 oblongus,
1111 3782 1212 3839 virilis
1237 3786 1304 3840 bre·

335 3882 404 3938 rior
421 3889 450 3934 st
474 3871 603 3947 amplior
629 3867 765 3924 cernitur
782 3863 952 3935 (Meckel
970 3867 1002 3922 in
1019 3867 1306 3946 Ciivier'lrsrgl⁸

283 3955 288 3964 ’
337 3972 426 4028 Anat.
444 3959 622 4034 111.p.,378.
637 3953 729 4024 not).

263 4101 267 4110 ·
372 4061 426 4144 ἐν)
445 4071 576 4130 nonen
591 4065 667 4128 rae.
685 4061 814 4126 axvnr.
841 4063 890 4138 fig.
911 4068 939 4136 4.
957 4090 992 4124 ..
1007 4073 1037 4140 a)
1054 4069 1129 4128 ura
1147 4071 1304 4132 raszrxr

370 4201 405 4274 b)
423 4195 606 4259 waltun:
625 4191 687 4249 tab.
702 4207 789 4252 nerr.
803 4189 918 4246 thorac-
936 4191 1012 4254 urb.
1029 4195 1081 4258 111.
1101 4197 1154 4258 lv.

649 4337 978 4364 m
