2898 4992
281 383 345 465 476
450 379 537 446 Lis.
557 375 585 443 1.
606 377 697 440 car.
713 375 789 440 VH.
808 375 867 442 Du
886 391 1153 444 uurnrrrorn.

267 545 371 592 ,vera
389 522 584 606 corrumpi
605 529 644 588 et
664 521 860 602 deminui,
894 524 1012 601 airis,
1036 531 1148 608 potus
1179 529 1218 590 et
1245 524 1326 593 cibi

278 631 507 708 necessitas,
524 628 756 696 sacrationes
780 635 819 694 et
842 631 1077 695 exorationes
1095 628 1324 722 ostendunt,

280 757 352 801 neo
362 733 474 801 ullus
495 753 698 824 unquam
687 734 886 803 dubitavit
904 736 1131 804 nutritionis
1151 737 1326 804 universi

279 841 452 925 eorporis
471 841 754 912 necessitatem.

360 1004 405 1071 si
423 1006 558 1090 igitur
565 1003 762 1070 ostendere
788 1005 965 1070 volumus
994 1005 1293 1072 nutritionem
1279 1029 1327 1076 sn

279 1111 462 1176 omnibus
446 1109 649 1193 corporis
671 1107 849 1207 partibus
880 1108 1070 1187 accidere,
1081 1111 1324 1175 observatio·

279 1213 395 1278 nibus
418 1210 673 1278 evincendum
695 1216 775 1289 est,
788 1212 977 1275 materrae
990 1213 1321 1294 permutationem
1443 1209 1444 1218 ’

281 1318 426 1403 ubsque
445 1317 691 1402 contingere
708 1315 770 1392 id,
793 1315 896 1400 quod
914 1316 1009 1380 olim
1029 1318 1105 1382 Jac
1126 1319 1280 1396 Karna,
1290 1319 1324 1382 J.

274 1421 417 1497 ‘Eoum
441 1421 638 1495 citeron,
666 1421 982 1483 eramanaru
1012 1424 1084 1483 etc.
1115 1418 1161 1483 de
1197 1419 1327 1484 firmis
1363 1443 1367 1452 ·

279 1522 456 1607 partibus
475 1529 672 1606 negarunt
680 1521 734 1609 ⁸).
757 1521 934 1604 Quicum
952 1520 1014 1584 his
1031 1528 1161 1604 partes
1179 1521 1326 1588 solidas

280 1626 427 1692 nutriri
448 1625 696 1703 dubitarunt,
717 1631 917 1712 sequentes
941 1625 1182 1691 adduxerunt
1195 1627 1326 1692 obser-

281 1727 469 1793 vationes.
499 1727 685 1812 Perpetua
706 1751 784 1794 esse
802 1727 1040 1794 variolarum
1061 1725 1172 1811 signa
1189 1730 1326 1794 etvul·

277 1849 421 1898 ‚nerum
445 1830 662 1912 cicatrices;
683 1835 855 1897 maculas
873 1833 1043 1908 inustas,
1072 1831 1325 1916 punctim-fa-

283 1941 363 1998 ctes
375 1935 605 2018 ‚pigmentis
627 1937 748 2014 variis
771 1937 913 2002 tinctas
936 1943 1004 1999 aut
1022 1935 1219 2000 corrosivis
1243 1955 1326 2001 sus-

281 2039 445 2119 citatas,
464 2043 547 2104 toto
569 2039 674 2104 vitae
693 2047 865 2124 tempore
889 2059 1063 2119 manere;
1083 2059 1224 2104 naevos
1238 2059 1323 2104 ma·

284 2147 415 2208 ternos
438 2162 513 2208 esse
533 2163 739 2227 perennes3
770 2145 1014 2229 cartilagines
1048 2144 1275 2210 articulares
1301 2165 1328 2208 a
1443 2139 1444 2146 '

282 2246 395 2309 tanto
414 2217 512 2312 tritu
524 2267 601 2312 non
619 2247 768 2328 adteri,
784 2247 997 2312 necdentes
1007 2245 1153 2310 adtritu
1163 2245 1325 2311 destrui.

281 2343 458 2412 Redeunt
481 2355 611 2414 autem
632 2350 705 2414 hae
726 2349 1078 2445 argumentationes
1091 2349 1208 2428 adid,
1222 2347 1326 2436 quod

220 2537 222 2542 Ι
284 2447 344 2515 vis
364 2451 637 2535 reproductiva
649 2493 660 2528 ,
678 2457 722 2517 ut
744 2458 882 2517 notum
902 2452 1326 2540 ceteroquinest,mul·

154 2627 156 2633 A
282 2558 325 2618 to
348 2556 400 2621 sit
419 2556 546 2624 minor
575 2559 617 2623 in
649 2541 877 2646 quibusdam
901 2561 1069 2643 corporis
1102 2561 1325 2645 systemati-

283 2657 354 2722 bus
384 2658 435 2741 (§·
458 2662 548 2748 82.);
579 2662 742 2750 minirpe
772 2666 902 2726 autem
936 2661 1144 2728 ostendunt
1173 2661 1323 2727 nullam

285 2766 508 2850 contingere
535 2767 721 2832 materiae
751 2770 1081 2852 permutationem
1117 2769 1159 2832 in
1188 2767 1324 2833 solidis
1443 2809 1444 2818 ι

283 2871 474 2951 pertibus.
509 2874 704 2949 Maculae,
725 2893 822 2958 quae
844 2873 1044 2938 corrosivis
1056 2918 1066 2952 ,
1087 2873 1324 2958 aliisvapig·

284 2975 426 3040 mentis
462 2978 532 3075 sub
572 2985 697 3040 cutem
726 2976 848 3042 illatis
877 2977 1136 3054 suscitantur,
1165 2977 1323 3062 saepius

285 3079 443 3142 omnino
474 3079 693 3163 disparent,
724 3079 801 3144 etsi
830 3077 871 3142 id
905 3080 1054 3147 tardius
1085 3081 1321 3165 contingat;

240 3235 250 3256 ,
285 3175 498 3245 difficulter
517 3180 618 3244 anim
640 3184 916 3266 heterogenaae
950 3203 1016 3248 eae
1040 3183 1279 3248 substantiae
1299 3202 1325 3248 a

283 3281 730 3368 humoribus'inquilinis
750 3285 1146 3348 resolvuntur.'Naavi
1177 3288 1322 3348 mater·

282 3384 346 3459 ni,
369 3403 437 3467 per
449 3383 671 3448 abnormam
687 3371 1018 3468 reproductionarn
1028 3385 1223 3468 producti,
1235 3405 1324 3468 par·

283 3505 439 3550 manere
461 3485 629 3550 tamdiu
661 3485 819 3564 debent,
849 3488 969 3552 donec
1007 3487 1212 3571 congenita
1241 3490 1322 3554 for·

284 3587 425 3654 mativi
446 3609 642 3672 processus
665 3589 770 3655 labes
791 3589 943 3655 sublata
955 3591 1084 3659 fuerit.
1107 3590 1245 3656 Omnes
1256 3612 1323 3658 au-

241 3759 244 3770 ,
284 3697 365 3755 tam
384 3690 546 3776 liquidas
566 3699 602 3757 et
620 3691 761 3758 solidas
793 3692 965 3780 organici
993 3691 1161 3776 corporis
1193 3700 1323 3778 partes

282 3792 472 3877 parvitas
495 3813 713 3877 processum
732 3796 899 3869 mutari,
926 3795 1100 3872 destrui,
1127 3793 1327 3888 deminui,

285 3895 456 3984 adeoque
475 3917 542 3982 per
562 3899 764 3964 adsiduam
777 3900 962 3964 materiae
983 3921 1108 3964 novae
1124 3883 1326 3965 suffectio·

283 3997 372 4066 nem
395 4001 624 4079 restaurari,
643 4000 904 4081 nutr1r1,e
933 4001 1179 4094 sequentibus
1213 4003 1326 4092 patet

270 4103 634 4190 observationibus,
