2912 5000
318 461 387 530 40⁰
430 437 518 509 ms.
541 435 569 501 1.
591 432 683 499 Csr.
705 433 832 500 ΝΜ
851 450 1007 503 sscnsr.
1029 455 1078 505 rr
1099 456 1264 510 sxcnsr.

319 595 546 670 molientes,
568 587 745 652 efficiturs
769 589 891 652 Causa
910 591 1066 668 tamen,
1087 601 1131 657 ut
1155 595 1364 659 Hssrsnus

315 702 450 767 monet
469 693 530 780 se)
546 737 556 771 ,
574 689 705 755 adesse
728 689 842 754 debet
860 691 960 768 alia,
993 693 1041 758 ab
1065 697 1230 761 arbitrio
1256 699 1365 762 haud

317 801 557 890 dependens,
577 819 671 884 quae
698 799 858 864 urinam
885 800 1076 879 retineat,
1099 803 1291 887 siquidem
1323 810 1366 869 et

315 907 492 974 homines
512 901 765 977 dormientes,
785 903 956 966 infantes
982 910 1019 966 et
1047 905 1237 972 animalia
1260 905 1366 990 juni·

315 1035 403 1092 ora,
422 1011 469 1076 ad
489 1009 723 1074 munditiem
742 1009 914 1072 nondum
939 1007 1098 1087 edocta,
1119 1013 1274 1076 urinam
1293 1033 1365 1096 per

313 1125 467 1198 tempus
505 1112 728 1186 retineant,
757 1111 836 1175 imo
870 1131 940 1174 nec
965 1111 1010 1176 de
1044 1115 1225 1180 cadavere
1256 1117 1365 1180 idem

289 1197 454 1282 *humor
487 1211 612 1286 facile.
633 1209 795 1286 effluat,
817 1218 855 1275 et
884 1215 1083 1298 sphincter
1108 1217 1261 1280 vesicae
1292 1215 1363 1278 ad·

281 1327 284 1334 '
313 1319 473 1382 modum
493 1319 546 1379 sit
566 1313 717 1378 debilis.
741 1315 886 1379 Statuit
905 1322 1036 1382 autem
1065 1317 1168 1382 idem
1192 1319 1363 1382 illustris

312 1424 373 1488 vir
394 1423 488 1484 duas
520 1417 623 1482 vires
653 1419 793 1482 lotium
814 1417 1026 1482 retinentes
1035 1419 1224 1484 'isundum
1245 1421 1360 1506 quip-

311 1545 358 1612 pe
390 1523 513 1587 imum
552 1523 703 1585 vesicae
744 1522 813 1586 sub
846 1523 1026 1586 urethrae
1067 1523 1214 1588 exitum
1246 1529 1359 1588 tanto

310 1627 433 1723 magis
455 1624 703 1702 descendere,
725 1643 799 1709 quo
824 1626 947 1706 magis
978 1625 1107 1690 vesica
1136 1625 1220 1710 ipsa
1237 1625 1359 1691 fuerit

223 1757 225 1761 ’
308 1734 446 1814 plena,
470 1735 584 1812 atque
612 1717 912 1791 inclinationem
939 1727 1027 1792 fieri
1055 1751 1185 1792 versus
1208 1735 1359 1795 rectum

309 1835 563 1903 intestinum,
590 1834 628 1891 et
652 1829 793 1893 lotium
822 1837 1030 1894 retrorsum
1051 1831 1180 1914 potius
1205 1851 1357 1912 preme·

309 1954 372 2015 re,
399 1953 517 2018 quam
543 1933 745 1996 urethram
776 1951 932 2012 versus;
962 1955 1073 1999 exeo
1109 1933 1227 1998 etiam
1253 1956 1356 2011 esse,

309 2039 413 2126 quod
444 2027 545 2123 aqua
568 2037 609 2098 in
639 2036 806 2098 vesicam
835 2035 1029 2100 cadaveris
1062 2055 1129 2120 per
1151 2037 1355 2101 urethram

307 2143 500 2225 impulsa,
521 2127 600 2204 non
621 2131 777 2212 effluat,
809 2137 886 2203 nisi
912 2141 994 2204 ium
1007 2185 1017 2218 ,
1040 2140 1108 2203 ubi
1136 2139 1265 2202 vesica
1291 2139 1354 2202 ni·

307 2250 431 2312 mium
453 2247 533 2334 jem
553 2243 786 2307 intumuerit
809 2246 866 2332 a).
890 2247 1052 2310 causam
1074 2263 1163 2307 vero
1184 2243 1354 2308 alteram

246 2384 252 2412 ι
307 2349 435 2438 ipsum
467 2346 605 2414 statuit
638 2349 928 2432 sphincterem,
961 2347 1025 2434 qui
1066 2347 1155 2411 lotii
1190 2347 1352 2432 stimulo

306 2455 582 2526 contrahatur,
605 2455 641 2515 et
671 2452 872 2516 humorem
907 2450 952 2515 de
976 2451 1170 2532 superiore
1199 2449 1352 2514 vesicae
1445 2469 1446 2493 ¹

303 2567 415 2648 parte
436 2579 514 2623 non
532 2555 634 2620 sinat
653 2551 778 2635 exire,
792 2576 878 2620 cum
896 2553 991 2621 situs
1013 2559 1248 2620 memoratus
1271 2555 1352 2618 uri·
1444 2539 1445 2561 ¹

303 2685 394 2730 nam
411 2661 452 2724 in
470 2658 589 2724 fundo
610 2659 768 2722 retinet.

382 2827 537 2895 Diutius
571 2826 740 2891 retinere
772 2821 926 2890 urinam
963 2831 1125 2908 possunt
1164 2805 1347 2894 hominos

300 2930 449 3006 robusti
470 2937 510 2997 et
533 2929 659 2994 minus
679 2929 859 3009 sensiles3
882 2929 1029 2993 diutius
1053 2931 1171 2994 etiam
1203 2932 1348 3024 retine·

300 3047 365 3107 tur
382 3038 495 3103 urina
516 3051 609 3100 sana
629 3047 745 3117 quam
778 3023 842 3105 ea,
873 3049 968 3116 quae
1001 3039 1180 3116 corrupta
1203 3038 1345 3114 fuerit,

297 3153 366 3212 aut
393 3143 555 3230 copiosis
587 3141 732 3206 salibus
767 3139 1046 3222 impraegnata.
1080 3143 1132 3206 Ex
1155 3163 1197 3206 eo
1222 3141 1345 3227 igitur

196 3331 200 3344 f
297 3259 374 3326 est,
396 3249 499 3338 quod
524 3245 565 3312 in
585 3243 756 3312 febribus
778 3241 847 3306 sub
868 3241 1104 3309 irritationis
1127 3245 1278 3321 stadio,
1301 3247 1345 3314 in

296 3349 579 3418 adfectionibus
601 3345 799 3421 nervosis,
821 3345 921 3426 apud
940 3347 1149 3419 calculosos
1172 3353 1243 3412 etc.
1265 3350 1345 3414 fre·

296 3479 413 3544 quens
433 3447 485 3520 sii
501 3455 640 3520 mistus
652 3491 663 3528 ,
683 3455 722 3526 et
741 3447 886 3532 torpidi
910 3431 1087 3532 homines
1108 3449 1249 3516 lotium
1276 3453 1344 3516 sd·
1431 3447 1432 3453 ’

295 3567 457 3632 modum
479 3564 565 3644 diu,
588 3581 700 3646 saepe
732 3555 781 3622 ed
806 3562 971 3656 mortem
1002 3574 1122 3646 usque
1150 3560 1225 3648 b),
1243 3561 1342 3625 reti.

294 3676 426 3737 neant.

371 3833 527 3913 Ingrato
548 3827 687 3912 igitur,
708 3828 746 3890 et
765 3820 860 3890 satis
878 3844 991 3910 saepe
1012 3824 1177 3890 molesto
1198 3823 1340 3893 urinas

288 3936 449 4004 stimulo
476 3955 545 3998 nos
578 3931 742 3994 liberare
774 3929 968 4004 volentes,
997 3929 1100 3994 facta
1132 3925 1340 4013 inspirati·
1423 3921 1425 4001 J

286 4061 355 4110 one
384 4032 636 4122 profundiore
671 4031 887 4116 spirituque
921 4035 1097 4107 retento,
1125 4027 1338 4116 nisum·(§·
1422 4021 1423 4038 ¹

283 4147 380 4229 347.)
393 4139 589 4212 molimur,
602 4155 676 4222 quo
698 4131 826 4197 vesica
849 4131 1158 4220 diaphragmatis
1177 4131 1335 4200 descen·
1421 4127 1422 4137 ¹

283 4273 347 4320 su,
368 4254 406 4312 et
426 4245 608 4312 musculis
627 4243 942 4312 ebdominalibus
970 4241 1181 4310 contractis
1208 4241 1332 4306 strin·

282 4353 408 4439 gitur,
430 4347 532 4432 quod
550 4349 620 4413 sub
648 4347 728 4416 situ
752 4345 919 4436 corporis
950 4353 1080 4413 erecto
1112 4345 1224 4410 tento
1246 4363 1335 4410 ms·
1417 4407 1418 4410 ,

1275 4445 1336 4534 gis
1415 4531 1416 4549 ,
