2898 4992
452 395 510 462 Du
530 409 790 466 uurnrrronr.
1075 406 1149 484 475,

111 537 239 612 evolvi
259 544 296 604 et
327 535 465 622 perfici
496 536 659 615 debent,
688 538 930 623 nutritionis,
947 557 1148 624 processus·

110 635 223 726 longe
258 643 442 722 maiorem
474 639 638 726 requirit
676 641 958 710 intensionem:
994 651 1148 712 tantam

110 747 214 818 enim
236 741 411 808 sufficere
429 749 513 820 ium
533 741 645 806 debet
664 744 919 822 materiarum
939 751 976 810 et
1000 745 1146 812 virium

108 835 607 930 penummuablationem,
631 849 754 920 multo
789 867 939 935 quoque
973 849 1153 934 rapidio-

108 972 189 1015 ram
207 949 351 1034 (5381.
358 953 375 1035 )
388 993 398 1027 ‚
424 955 593 1040 superat,
616 957 653 1016 et
673 959 800 1054 partas
821 953 991 1036 singulas
1003 954 1051 1032 ad
1060 975 1147 1048 per

106 1051 248 1124 iactum
269 1053 454 1150 perducat
476 1055 632 1127 statum.

552 1270 583 1342 ς.
615 1273 701 1344 Δ401.

104 1447 279 1518 Omnes
313 1447 547 1534 organici
590 1447 813 1532 corporis
852 1452 1027 1530 partes
1057 1467 1143 1512 nu·

508 1551 750 1618 triuntur.

190 1713 410 1780 Communis
429 1719 485 1780 est
505 1714 682 1780 omnibus
702 1715 821 1778 totius
841 1719 1002 1780 naturae
1015 1731 1148 1796 corpoa,

105 1815 214 1884 sibus
232 1817 412 1902 perennis
437 1837 481 1882 ea
499 1817 841 1902 metamorphosis,
854 1837 928 1904 qua
947 1837 1004 1882 res
1021 1817 1145 1894 nulla,

106 1936 154 1990 ne
187 1926 383 1992 momento
417 1919 601 2005 quidem,
641 1920 682 1984 in
710 1939 777 1986 suo
808 1925 1009 2004 permanet
1041 1923 1147 1982 statu

107 2021 160 2109 (i
184 2030 270 2112 rs).
295 2028 461 2108 Corpora
474 2031 601 2095 autem
613 2025 1046 2111 phaenerobiate‚quae
1058 2025 1146 2086 tan-

106 2130 191 2199 tam
210 2129 356 2200 habent
380 2145 469 2210 erga
488 2147 546 2214 res
560 2131 736 2194 extsrnas
747 2127 975 2194 relationem
994 2125 1044 2207 (§.
1056 2123 1148 2209 69.)‚

105 2233 216 2294 tanto
238 2229 376 2306 maiori
400 2233 437 2291 et
459 2228 715 2312 frequentiori
725 2227 891 2296 obnoxia
913 2226 1144 2293 secedebant

107 2331 344 2406 mutationi,
366 2337 508 2418 quanto
530 2329 653 2414 magis
677 2327 761 2412 ips'a
783 2330 929 2396 fuerint
949 2328 1148 2412 perfecta,

106 2434 294 2500 materiae
316 2437 354 2504 at
372 2429 518 2504 virium
530 2431 906 2502 uberiorevarietate
918 2433 1145 2504 informata.

109 2535 193 2618 Ipse
213 2537 317 2609 enim
340 2537 539 2608 conflictus
558 2537 660 2602 inter
682 2535 901 2610 univ'ersam
930 2541 969 2600 et
997 2534 1144 2606 indivi-

111 2637 228 2712 duam
247 2636 428 2706 naturam
450 2647 559 2712 tanto
580 2647 638 2708 ast·
667 2639 852 2714 alacrior,
874 2644 955 2726 rquo
991 2636 1147 2720 energia
1246 2637 1248 2644 ’

108 2750 321 2826 spontanea
339 2752 397 2810 est
416 2744 629 2821 intensior;
651 2751 785 2810 mutua
806 2749 934 2810 autern
946 2742 1048 2808 actio
1062 2739 1145 2806 sine

111 2847 331 2936 mutatione
351 2851 594 2910 externorum
623 2845 858 2929 impulsuum
888 2852 926 2910 et
956 2843 1148 2928 reagentis

112 2941 281 3034 'corporis
303 2948 552 3014 conversione
577 2947 797 3032 contingere
823 2947 971 3034 nequit.
994 2948 1147 3022 Debent

108 3050 232 3136 igitur
246 3052 575 3136 materiaetvirss
597 3053 766 3136 corporis
788 3052 913 3116 nostri
936 3048 1044 3116 omni
1064 3070 1152 3147 mus

108 3155 187 3218 tari
203 3159 422 3232 momento,
451 3160 490 3227 et
518 3154 632 3227 debet
659 3176 703 3216 ea
731 3154 896 3218 mutatio
924 3157 1035 3246 tento
1066 3171 1146 3218 esse

110 3257 234 3336 maior
247 3301 257 3334 ‚
279 3276 351 3342 quo
378 3256 482 3340 ipsae
500 3258 716 3328 functiones
730 3278 814 3320 cum
838 3257 1148 3341 intensiorepro-
1191 3249 1199 3270 ⁸

110 3358 250 3426 cadunt
269 3360 436 3450 energia.
460 3359 557 3446 Quia
574 3381 662 3424 vcro
677 3359 940 3444 organicorum
958 3365 1147 3434 nostrum,
1178 3432 1190 3448 fl
1295 3405 1299 3414 ·

111 3480 185 3554 quo
205 3483 316 3528 suam
338 3463 541 3538 innatum
562 3465 741 3528 universa
762 3469 918 3534 tueatur
939 3465 1063 3532 vitam
1086 3464 1148 3536 in·
1215 3542 1228 3582 N
1251 3487 1255 3498 ·
1297 3555 1300 3564 .

111 3561 334 3642 dividuam,
354 3565 409 3632 sic
429 3573 692 3649 comparatum
714 3588 790 3644 esse
811 3574 960 3649 oportet
972 3612 983 3644 ,
1001 3573 1148 3652 utqua-

99 3663 241 3742 iitates
261 3688 369 3750 suas,
390 3689 469 3737 nou
490 3669 733 3739 obstantibus
747 3670 1033 3740 »mutationibus
1057 3687 1143 3752 per·

109 3771 259 3861 petuis,
282 3779 497 3848 conservat,
513 3779 551 3838 et
571 3793 699 3841 rerum
713 3778 955 3846 externarum
972 3773 1143 3844 influxus

108 3869 355 3942 intracsrtos
378 3878 577 3948 contineat
602 3877 770 3952 limites,
802 3879 864 3959 id,
896 3878 997 3966 quod
1028 3877 1071 3940 in
1098 3894 1142 3939 eo
1210 3930 1211 3934 ,

113 3985 305 4054 mutatum
335 3986 409 4056 ests
444 3982 493 4054 ud
521 3988 664 4055 statum
695 3983 904 4066 pristinum
943 3981 1143 4060 reducere,

109 4086 315 4150 materiam
338 4092 558 4168 corruptam
578 4087 802 4165 climinare,
824 4103 965 4160 novom
979 4086 1147 4156 sihisuf·
1241 4155 1245 4164 ,
1320 4061 1323 4076 ¹

113 4183 246 4268 ficere,
266 4195 303 4254 et
320 4186 425 4254 vires
441 4194 653 4272 prostratas
675 4212 846 4257 recreare
867 4187 988 4253 debet.
1025 4189 1147 4254 Mate-

112 4285 210 4355 riam
229 4297 360 4358 autem
378 4288 598 4392 ‘organicam
612 4311 681 4376 per
700 4295 805 4358 vitae
838 4310 1059 4376 processum
1079 4278 1147 4358 vre·
