2898 4992
493 241 507 278 Ι

256 373 535 445 transaquas.
558 362 885 425 turonensem,
914 371 1076 426 ΘΗΜ·
1138 377 1209 448 509

160 505 265 568 terea
282 500 343 567 vir
364 497 491 578 idem,
508 499 590 564 vim
612 497 778 563 calorem
799 495 1075 582 producentem
1097 517 1119 566 a
1139 521 1208 569 ve·

163 621 351 670 nenorum
384 601 524 668 effectu
555 621 598 666 ea
627 595 880 684 proportione
907 599 1101 686 deprimi,
1133 625 1210 694 que.

161 709 257 774 haec
295 705 496 790 encephali
538 703 705 768 laedunt
734 701 975 780 functiones,
1007 705 1211 795 ipsamque

160 813 409 890 prosternunt
428 805 729 872 sensibilitatem
743 805 799 889 g).
812 803 953 888 Quaeri
970 815 1099 873 autem
1119 817 1209 898 pot-

161 920 250 990 est,
280 933 329 978 en
360 913 484 978 omnis
516 909 663 978 cerebri
689 925 815 974 massa
848 907 897 974 ad
927 907 1209 994 proliciendum

162 1017 329 1083 calorem
357 1015 569 1080 animalem
594 1015 736 1090 faciat,
759 1033 807 1078 an
836 1033 926 1078 vero
956 1029 1045 1096 pers
1077 1015 1208 1102 eliqua

101 1107 106 1116 ’
161 1119 264 1202 ejus,
285 1123 322 1183 et
343 1137 534 1203 quaenam
561 1115 849 1200 thermogenesi
872 1115 1087 1182 inserviat?
1111 1121 1205 1184 Cen-

161 1229 219 1290 set
239 1221 308 1288 cel.
328 1212 476 1298 Nessi,
505 1209 736 1286 cerebellum
759 1227 797 1286 et
822 1215 1001 1286 'arborem
1028 1219 1134 1290 vites
1157 1227 1207 1294 ad

162 1329 203 1394 id
225 1347 318 1414 opus
342 1325 546 1410 praecipue
565 1325 692 1396 nelors
711 1325 905 1402 conferre,
930 1323 1121 1414 siquidem
1143 1349 1207 1393 ee·

162 1431 250 1498 dem
273 1431 389 1496 arbor
408 1429 513 1492 vitae
530 1427 572 1492 in
594 1415 849 1503 animilibus,
870 1429 1122 1513 quaestibus
1143 1433 1204 1498 in-

160 1535 307 1602 feriora
327 1535 416 1598 sunt
427 1571 438 1607 ,
457 1527 693 1595 desideretur
709 1527 772 1616 h).

243 1675 353 1741 Aliae
379 1675 579 1758 praeterea
609 1675 699 1734 sunt
730 1667 1044 1756 observationes,
1074 1673 1205 1740 nervei

163 1773 383 1866 systematis
401 1771 591 1838 inflexum
611 1771 653 1846 in
667 1771 925 1857 generandum
944 1775 1109 1842 calorem
1123 1777 1211 1844 anid

161 1881 304 1948 malem
324 1877 553 1970 evincentes.
577 1873 724 1950 Homo,
746 1874 813 1960 qui
836 1875 938 1942 inter
959 1883 1098 1944 cuncte
1122 1879 1208 1947 eni·

164 1981 287 2071 malie
321 1985 512 2045 externae
534 1971 737 2059 temperiei
775 1973 952 2044 resistere
988 1979 1209 2066 plurimum

167 2087 318 2172 potest,
342 2087 468 2144 cutem
509 2073 629 2142 habet
663 2077 832 2142 maxime
863 2079 1038 2160 nudam,
1071 2089 1114 2150 ut
1145 2109 1209 2154 er·

165 2185 273 2252 terni
312 2181 451 2247 caloris
491 2177 695 2262 impressio
736 2175 779 2243 in
816 2169 1000 2248 nerveu'nr
1038 2193 1212 2272 systema

162 2293 273 2354 tanto
302 2285 374 2351 fiet
404 2281 581 2360 uberior,
603 2279 791 2368 hujusque
821 2283 954 2350 vitalis
986 2291 1131 2356 reactio
1162 2313 1207 2358 eo

161 2391 351 2458 intensior
368 2387 564 2455 reddatur.
595 2385 678 2472 Quo
698 2383 823 2470 major
852 2397 1052 2472 praeterea
1081 2399 1208 2478 syste-

160 2493 278 2559 matis
301 2489 455 2560 nervosi
476 2495 532 2556 est
553 2489 728 2576 energia,
745 2493 857 2554 tanto
876 2489 1066 2562 intensior
1094 2517 1211 2583 genes

162 2595 282 2664 ratim
304 2595 528 2660 observatur
552 2591 689 2658 caloris
711 2589 863 2679 gradus.
885 2591 977 2660 Inde
993 2593 1114 2682 igitur
1134 2607 1204 2680 eet,

163 2697 264 2787 quod
286 2695 461 2762 homines
480 2695 693 2762 irritabiles
718 2701 756 2762 et
775 2697 933 2764 sensiles
960 2699 1082 2785 magis
1105 2705 1205 2769 cale-

162 2809 248 2877 ant,
271 2799 546 2886 phlegmatici,
568 2797 715 2883 torpidi
741 2807 779 2864 et
797 2801 1066 2870 melancholici
1085 2807 1204 2894 frige·

161 2909 249 2984 ant;
267 2901 420 2968 caleant
443 2901 599 2986 juvenes
610 2942 625 2982 ,
643 2909 682 2968 et
700 2902 871 2990 frigeant
890 2927 1007 2974 senes.
1029 2909 1207 2976 intendi-r

161 3015 226 3072 tur
247 3003 351 3070 calor
373 3025 417 3070 ex
448 3003 582 3099 eedem
613 3001 766 3074 ratione
789 3009 857 3075 sub
886 3011 1032 3092 maiore
1060 3017 1201 3083 mentis

162 3117 201 3178 et
225 3109 393 3196 corporis
416 3111 614 3188 exercitio,
644 3115 682 3178 et
707 3111 938 3198 deprimitur
958 3115 998 3208 in
1019 3115 1201 3206 languen.

161 3215 265 3280 tibus
277 3257 289 3293 ,
310 3223 440 3296 estque
459 3211 586 3279 minor
609 3213 650 3279 in
670 3233 804 3280 somno
824 3219 1025 3302 temperiei
1048 3223 1200 3306 gradus,

99 3377 105 3398 ,ι
161 3317 229 3382 ubi
260 3321 428 3402 systema
458 3317 648 3382 cerebrala
681 3315 870 3404 quiescit,
897 3319 976 3388 nisi
1005 3319 1202 3394 insomnia

159 3423 309 3501 adsint,
321 3423 457 3510 quibus
476 3421 578 3508 celpr
596 3443 713 3509 saepe,
724 3431 902 3510 augetur,
913 3433 952 3494 et
969 3421 1096 3517 [argus
1113 3455 1206 3520 pro«

161 3527 295 3592 licitur
316 3525 441 3593 sudor.
475 3527 528 3592 Ex
547 3547 590 3593 eo
611 3539 726 3611 porro
749 3533 829 3606 est,
850 3527 951 3616 quod
977 3533 1113 3615 cibus,
1134 3557 1203 3622 po·

160 3635 222 3698 tus
252 3625 546 3713 etplrarmace,
570 3649 666 3718 quas
697 3631 1045 3706 inflammabil'ibus
1080 3637 1198 3708 abun·

158 3733 257 3800 'siant
270 3727 491 3821 ‚ipsumque
510 3742 678 3822 systema
697 3755 879 3807 nerveum
899 3743 1095 3824 potentius
1116 3765 1203 3812 con-

162 3837 310 3914 citant,
331 3837 497 3902 calorem
516 3844 704 3922 augeant,
723 3838 944 3924 deprimant
965 3843 1093 3919 acida,
1115 3867 1208 3914 ner-¹

159 3941 220 4006 vis
252 3927 424 4006 inimica·
459 3941 680 4024 solatium,
712 3953 821 4026 spes,
854 3943 976 4010 animi
1012 3951 1199 4016 exultatio

161 4063 367 4110 nervosum
406 4047 574 4130 systema
604 4045 773 4112 excitent
793 4083 808 4126 ,
833 4051 871 4112 et
909 4047 1053 4131 augent
1084 4051 1200 4120 simul

161 4145 389 4229 temperiem
421 4143 612 4231 corporis}
638 4155 782 4223 metus,
810 4147 996 4226 tristitia,
1016 4153 1200 4221 sollicito.

161 4247 210 4324 do
221 4287 232 4326 ,
253 4253 377 4316 terror
396 4247 577 4316 sensibile
595 4255 842 4333 prosternunt
860 4257 1059 4336 systema,
1074 4265 1111 4324 et
1132 4261 1212 4324 mie
