2898 4992
164 491 167 500 Ι
262 397 326 488 4'7'4
443 383 1132 468 Lre.l.csr.VlI'.Dt'ncrmrronr.

263 547 366 614 enirn
390 546 651 610 chemicorum
677 546 956 622 elementorum
977 539 1179 626 proportio
1203 539 1305 607 vari-

263 673 328 716 am
348 649 461 732 ponit
479 647 694 712 adfinitatis
719 649 864 731 legem,
886 646 1083 731 ipsamque
1095 643 1211 710 simul
1224 665 1306 708 mu·

177 747 179 757 ⁴
265 763 327 820 tat
348 753 542 836 energiam
564 752 828 838 dynamicam.=
846 751 900 814 Ex
921 749 1097 835 anigitur
1110 748 1303 835 est,quod

261 858 389 920 omnis
411 854 580 940 organici
602 855 771 938 corporis
791 873 880 938 pars
917 852 1042 918 vitam
1076 853 1185 918 vivat
1213 873 1305 938 pro·

262 958 409 1040 priam,
429 951 620 1038 ‘singulari
637 955 746 1020 modo
767 955 808 1018 in
832 951 1075 1019 'substantias
1107 953 1182 1016 sibi
1215 973 1305 1017 con·

263 1061 391 1142 tiguas
423 1063 577 1142 reagat,
607 1057 952 1141 easquepeculiari
973 1057 1124 1121 ratione
1157 1061 1305 1132 mutet,

251 1169 308 1226 -et
341 1161 554 1247 singularia
584 1159 693 1239 edat,
723 1160 800 1224 sibi
835 1159 992 1243 propria
1027 1161 1305 1242 phaenomena.

265 1255 503 1348 lntelligitur
522 1264 637 1350 hino,
658 1264 1201 1353 adsimilationis.processum
1223 1269 1306 1328 tam

263 1390 346 1432 essa
367 1368 646 1452 multiplicem,
665 1353 780 1454 quam
803 1370 909 1452 ipsae
929 1375 1077 1451 partes,
1100 1388 1245 1455 organa
1268 1373 1307 1432 et

267 1479 483 1560 systemata
506 1473 673 1556 corporis
697 1463 819 1536 nostri
835 1472 1193 1564 sunt,multiplicia.
1214 1455 1309 1538 sanss

268 1577 357 1661 'guis
380 1577 524 1664 igitur,
553 1596 639 1640 cum
674 1575 1070 1672 partihueorganicis
1102 1577 1143 1664 in
1177 1579 1308 1638 conta-

270 1679 566 1770 ctumpositus,
590 1678 668 1762 alia
686 1685 799 1764 atque
822 1660 1145 1774 alienationem
1176 1677 1310 1764 singu·

230 1859 234 1870 Ι
268 1782 315 1848 lis
335 1789 508 1855 mutatur
531 1781 705 1865 organis;
729 1783 941 1850 attrahitur
959 1783 1023 1852 hic
1043 1782 1149 1846 aliud
1161 1822 1172 1856 ,
1193 1788 1307 1866 atquo

269 1883 377 1952 aliud
392 1885 502 1964 alibi,
514 1904 582 1968 pro
602 1885 713 1948 varia
729 1885 899 1952 chemise
917 1891 954 1950 et
974 1885 1180 1969 dynamioa
1199 1883 1306 1968 ptola-

268 1987 386 2052 ritate
409 1986 666 2070 principium,
688 1986 799 2072 idque
819 1989 873 2052 sic
895 1993 1094 2064 mutatur,
1116 1993 1160 2064 ut
1182 2006 1205 2050 a
1226 1985 1309 2072 pri·
1357 1995 1361 2006 ⁴

270 2091 377 2168 atina
397 2077 550 2183 penitus
570 2091 774 2164 abhorreat
793 2099 947 2174 natura,
961 2079 1128 2166 formam
1141 2112 1248 2169 suam
1272 2098 1310 2158 et

273 2195 482 2280 qualitates
495 2201 630 2271 mutet,
643 2197 828 2270 materiae
852 2197 1052 2280 organicae
1072 2195 1201 2260 simile
1223 2195 1309 2260 red·

272 2297 554 2416 datur‚jamgue
572 2307 724 2398 partem
745 2299 822 2384 ejus
841 2298 986 2406 efficiat
1000 2300 1306 2397 constitutivam.

356 2445 424 2518 Ille
445 2447 533 2530 er'go
557 2447 1080 2533 reproductlvus'processus,
1102 2467 1168 2513 seu
1188 2465 1309 2512 secre-

274 2549 588 2616 tionisinternae
619 2552 752 2616 modus
770 2555 833 2639 1(§.
860 2555 1092 2640 349⁴·350·)r
1121 2573 1194 2639 quo
1222 2573 1310 2616 san-

275 2654 359 2737 guis
382 2664 450 2736 per
470 2654 633 2718 ¹vitalem
656 2639 985 2740 metamorphosin
1012 2657 1196 2721 hactenus
1225 2657 1322 2718 m'u-.

275 2761 403 2834 tetur,
425 2761 468 2818 ut
500 2758 633 2842 aliqua
652 2755 731 2836 ejus
750 2779 839 2842 pars
862 2760 903 2824 in
922 2759 1179 2824 substantiam
1200 2774 1311 2840 orga-

275 2859 404 2922 nicam
427 2867 711 2935 convertaturm
723 2855 1309 2946 uteitiogeneratimdicitur.

276 2961 487 3042 Quiavero
502 2965 673 3038 nutritio
687 2965 826 3028 iisdem
838 2965 1034 3048 peragitur
1047 2963 1213 3041 viribus,
1227 2961 1313 3046 qui·

275 3063 346 3130 bus
365 3073 494 3148 partes
517 3066 693 3147 singulae
716 3068 946 3132 evolvuntur
966 3073 1003 3132 et
1017 3067 1286 3150 ,perficiuntur
1300 3109 1319 3143 e

279 3167 415 3250 quibus
437 3169 657 3252 deperditae
687 3161 974 3245 restituuntur,
989 3171 1147 3233 solutae
1172 3167 1313 3232 uniun-

276 3272 340 3331 tur
352 3313 363 3344 ,
388 3277 425 3334 et
444 3271 637 3337 alienatae
660 3273 702 3336 in
723 3279 868 3337 statum
893 3273 1101 3357 pristinum
1124 3271 1309 3334 reducun-

278 3375 364 3448 tur;
388 3376 686 3454 spacie‘tautum
707 3373 838 3440 iliffert
860 3397 883 3438 a
907 3375 1076 3460 generali
1104 3375 1175 3438 illa
1206 3373 1311 3438 vitae

276 3475 595 3542 manifestatione
621 3476 672 3561 (t.
694 3477 868 3562 76e-82.),
888 3483 930 3541 ut
947 3478 1041 3541 adeo
1065 3474 1313 3556 cunctaseius

276 3584 458 3667 sequatur
477 3581 589 3664 leges.
613 3583 651 3646 si
664 3589 793 3660 tamen
814 3581 1017 3664 specialem
1036 3580 1257 3656 intueamur
1269 3579 1312 3643 in

220 3682 227 3708 ¹
278 3679 417 3746 adulto·
439 3684 592 3749 homine
619 3683 846 3750 nutritionis
868 3677 1042 3768 scopum,
1064 3669 1168 3756 ineo
1188 3658 1314 3748 solum

122 3847 124 3860 .
184 3857 187 3862 ,
278 3787 480 3868 consistit,
500 3796 543 3853 ut
558 3797 685 3879 partes
705 3785 782 3866 iam
803 3773 996 3862 evolutas,
1010 3772 1036 3850 a'
1054 3771 1330 3863 n'o'rmalista?

276 3894 319 3953 tu
339 3891 501 3964 minime
524 3893 791 3972 abhorrentes,
817 3913 885 3974 per
917 3882 1200 3975 appositionem
1224 3909 1315 3970 par-

275 3993 483 4060 ticularum
502 4015 713 4070 novarum,
735 3994 934 4080 oppositae
956 3989 1031 4060 sibi
1046 3989 1314 4074 ablationipe·

276 4097 380 4174 nitus
403 4099 695 4182 respondentem
715 4099 764 4177 (§.
780 4095 866 4180 79.),
884 4097 924 4161 in
943 4116 1010 4161 suo
1030 4097 1315 4167 conserveteta·

277 4203 343 4271 tu,
364 4199 539 4284 viresque
564 4205 601 4264 et
626 4200 829 4264 materiam
849 4201 891 4264 in
908 4199 1040 4263 eodem
1062 4199 1188 4263 servet
1205 4200 1317 4260 teno-

279 4321 330 4364 re.
363 4306 497 4367 Aetate
538 4293 668 4369 autem
698 4303 848 4385 tenera,
874 4289 948 4368 'ubi
982 4302 1113 4387 partes
1142 4278 1334 4384 p'ri'mum'
