2754 4992
264 429 329 506 Μ
368 417 458 488 trs.
478 411 507 480 1.
526 413 620 482 css.
639 407 736 474 vm.
752 405 812 472 Ds
834 419 1004 472 concurs
1028 419 1217 472 creasses

366 567 422 634 θ’)
439 563 474 618 F.
487 549 744 616 uunmocuu'e
762 555 796 612 ii.
810 552 843 616 d.
867 551 977 610 Grund
999 551 1056 610 der
1079 553 1288 624 Encheiuuog,

296 701 299 712 .
331 659 401 711 dass
418 651 473 708 der
486 647 649 706 thierisohe
662 645 800 720 stirpen
816 639 873 698 der
893 643 983 698 Eitea
1003 651 1194 714 emerem,
1216 641 1288 698 Rite

331 749 457 816 ernust
483 735 586 812 <neit
602 752 634 792 u.
652 733 690 798 A.
709 729 786 796 ibid.
803 725 1117 806 p1370-392,),-2)
1142 729 1215 798 Μ

715 909 745 984 i·
788 911 867 980 412.

203 1163 210 1180 .
325 1067 1253 1172 Galerisanimalirvicissitudines.

349 1243 534 1332 Quamvis
546 1233 753 1327 temperies
767 1225 958 1324 corporis,
971 1253 1166 1329 quousque
1178 1261 1291 1306 secuna

265 1355 317 1423 da
333 1353 442 1420 adest
462 1347 717 1424 valetudo‚et
729 1346 849 1412 donec
874 1349 1055 1411 externae
1075 1345 1292 1430 respondent

263 1451 583 1525 circumstantiae
596 1449 727 1526 ,intra
748 1453 897 1540 certum
917 1449 1106 1514 consistat
1127 1449 1284 1534 gradum

268 1557 383 1626 certis
402 1563 534 1622 tamen
561 1547 669 1618 vitae
689 1547 858 1639 periodis
886 1545 1180 1616 vicissitudines
1202 1568 1292 1634 quase

263 1661 355 1728 dam
367 1659 525 1726 nativus
548 1651 653 1723 subit
666 1655 785 1736 calor,
796 1651 850 1731 id,
859 1653 960 1740 quod
981 1655 1163 1738 energiae
1182 1652 1292 1718 vitalis

269 1773 309 1832 et
332 1761 627 1852 perspirationis
652 1767 838 1826 cutaneae
867 1749 1134 1822 vicissitudini
1154 1753 1205 1840 (5.
1223 1754 1293 1838 361.)
1347 1751 1348 1788 ¹

268 1871 441 1936 adscribi
463 1867 590 1932 debet.
623 1863 760 1930 Foetui
789 1863 830 1928 in
848 1867 959 1928 utero
991 1862 1134 1926 matris
1166 1865 1297 1924 conten·

266 1985 324 2054 to,
338 1993 425 2040 cum
438 1972 620 2057 spiritum
641 1991 721 2036 non
742 1971 929 2050 ducat,et
947 1971 1032 2035 vita
1050 1967 1232 2033 animalis
1250 1957 1294 2024 in·

267 2077 538 2164 sopitaadhuc
557 2077 631 2154 sit,
644 2075 708 2140 vix
728 2071 906 2158 proprius
928 2070 988 2138 eit
1007 2071 1136 2146 calor,
1150 2068 1214 2134 sed
1232 2085 1294 2128 mae

266 2191 400 2250 ternus
414 2185 583 2245 tantum.
606 2181 777 2263 Augetur
795 2175 1003 2258 temperies
1024 2173 1129 2254 apud
1150 2172 1295 2236 infantes

268 2309 315 2354 ea
333 2287 606 2373 proportione,
628 2303 704 2371 qua
725 2282 925 2347 cerebrum
945 2279 994 2346 ad
1013 2276 1072 2344 sui
1089 2272 1293 2360 perducitur

268 2393 575 2478 perfectionem,
593 2391 753 2477 ipsaque
774 2385 958 2450 animalis
979 2381 1066 2448 vita
1095 2377 1218 2465 magis
1247 2395 1294 2438 ex·

261 2497 459 2583 plicatur,
478 2500 609 2581 estque
628 2489 821 2558 maximus
843 2487 984 2552 caloris
1014 2483 1160 2570 gradus
1190 2481 1294 2544 aetate

268 2603 420 2677 media,
443 2605 558 2685 atque
576 2597 701 2683 major
721 2591 935 2680 generatim
954 2590 997 2655 in
1014 2587 1129 2652 virili
1151 2579 1295 2670 quamin

252 2704 441 2789 deminae
467 2721 565 2768 sexu.
579 2699 632 2784 (ς.
653 2699 763 2783 251.)o
784 2697 851 2760 Est
869 2699 1000 2760 autem
1019 2683 1296 2756 animalisoaler

272 2821 533 2906 inperpetuo
570 2806 823 2896 proportione
855 2821 943 2867 cum
970 2799 1108 2866 vitalis
1140 2793 1292 2877 energiae

275 2923 417 3012 gradu,
439 2923 484 2983 ut
502 2917 576 2981 hac
596 2911 773 3002 depressa
790 2907 854 2973 vel
876 2905 1048 2971 exaltata
1084 2902 1132 2965 in
1163 2909 1294 2978 corpore

263 3031 456 3098 *universo
469 3019 555 3098 ‚vel
577 3018 620 3082 in
641 3013 755 3080 certis
775 3010 964 3076 duntaxat
979 3005 1181 3092 partibus,
1195 2999 1295 3066 minu·

279 3138 371 3200 etur
384 3125 448 3194 vel
470 3123 655 3206 augeatur
676 3121 726 3203 (ς.
744 3114 863 3196 asa),

397 3268 614 3338 Peculiares
640 3267 770 3329 autem
806 3253 1094 3328 vicissitudines
1134 3240 1292 3340 'animalis

275 3379 380 3447 calor
411 3377 454 3439 in
485 3369 664 3438 morboso
687 3365 801 3431 subit
827 3369 953 3428 status
985 3361 1114 3442 potest
1144 3344 1292 3418 enimin
1347 3359 1348 3426 t

274 3500 434 3565 corpore
457 3476 640 3543 universo
662 3469 725 3537 vel
743 3469 785 3533 in
808 3463 1071 3552 parteali'qua
1101 3453 1229 3540 augeri
1249 3439 1292 3508 vel
1347 3431 1348 3486 i

229 3655 241 3679 s
276 3573 470 3670 deprimi,
489 3577 552 3642 vel
571 3593 662 3641 vero
684 3568 890 3656 singularis
912 3563 1019 3630 adest
1049 3551 1292 3625 hallucinatio,

275 3693 322 3758 ut
342 3697 501 3771 aegrum
523 3676 569 3743 de
587 3671 721 3742 ardore
743 3678 810 3737 aut
827 3653 1292 3754 frigoreconqueriaudias

172 3789 177 3796 ’
275 3789 371 3862 iicet
389 3777 597 3870 temperiei
624 3799 709 3845 eam
737 3761 997 3842 differentiam
1025 3788 1095 3832 nec
1125 3784 1191 3850 per
1215 3762 1292 3822 etta·

282 3906 388 3964 otum
407 3887 625 3980 percipere,
644 3897 714 3950 nec
733 3897 804 3966 ope
822 3867 1098 3944 thermometri
1119 3868 1292 3934 observare

278 4000 416 4090 possis.

363 4137 505 4223 Augeri
527 4135 694 4201 calorem
714 4131 757 4196 in
781 4125 954 4194 febribus
974 4125 1013 4186 et
1043 4101 1291 4186 inflammatio·

280 4245 396 4316 nibus
418 4241 461 4306 in
489 4253 645 4324 corpore
663 4227 843 4300 universo
874 4227 938 4296 vel
955 4217 997 4290 in
1025 4225 1136 4308 parte
1168 4212 1293 4322 aliquas

282 4348 573 4423 observationes
595 4341 745 4419 decent·
766 4337 850 4408 Non
871 4340 1007 4404 tamen
1026 4331 1180 4394 tantum
1197 4321 1244 4383 est
1258 4325 1289 4372 u
