2892 5004
269 387 271 394 ’
363 415 472 483 sacr.
493 413 523 484 1.
541 415 599 484 Dr
620 431 711 488 creo
730 433 780 490 nr
804 435 918 496 rore.
1082 419 1173 501 ἰι

122 565 267 644 augent
284 559 387 626 vires
400 607 410 641 ,
421 559 617 650 ipsiusque
634 565 843 632 ventriculi
862 567 1088 653 deprimunt
1106 588 1175 636 sn·
1205 581 1209 590 '

15 761 20 772 Ι
128 665 290 751 argiaris.
332 667 447 733 Talia
479 675 609 736 autem
641 677 751 738 sunt:
782 675 887 742 celer
917 677 1087 757 nimius,
1108 677 1175 742 a'e‘r

125 772 336 858 impurus,
366 773 672 868 inflammabilia
710 781 891 864 quasvis,
921 781 1041 848 titulo
1073 780 1174 858 cibi,

123 884 240 972 potus
263 885 332 948 aut
363 881 639 951 medicamenti
671 881 848 952 adsumta
858 931 870 970 ,
890 887 1016 954 animi
1036 887 1176 972 pathe·
1255 900 1259 908 “
1380 893 1387 908 ·

126 989 234 1048 mata
256 991 296 1050 et
318 987 476 1076 quasvis
506 1007 663 1068 caussa,
684 996 856 1078 systema
886 991 1075 1059 cerebrsle
1105 993 1175 1056 aut

123 1087 372 1171 gangliorum
394 1089 613 1162 mechanico
630 1093 692 1158 vel
711 1093 917 1180 dynamics
934 1095 1176 1176 adlicientss3

127 1189 313 1264 suffertur
333 1193 452 1262 stiam
471 1195 595 1260 sames
616 1215 639 1259 a
657 1195 828 1278 stimulis
851 1198 1062 1275 morbosis,
1080 1219 1175 1264 ven·
1251 1215 1259 1232 ·

125 1302 315 1370 telculum
346 1297 572 1372 immediate
601 1297 878 1380 irritantibus,
899 1303 962 1368 vel
985 1323 1053 1390 psr
1083 1323 1174 1370 cen·

128 1423 284 1472 uncum
312 1407 350 1472 et
377 1401 645 1492 sympathiam
667 1400 687 1492 (
699 1410 730 1482 ς.
753 1401 858 1492 ele.)
879 1403 924 1472 in
945 1423 1033 1476 eum
1058 1423 1174 1496 agen·

127 1509 245 1578 tibus.

234 1671 268 1744 ι)
284 1668 457 1728 nucem
475 1667 571 1728 erem.
587 1638 675 1746 phys,
689 1669 790 1746 vap.
807 1669 868 1742 res.

526 1879 531 1888 ·
576 1869 606 1942 ς.
650 1863 725 1932 262.
832 1819 843 1846 ·

224 2053 344 2160 Quis
369 2069 739 2140 cibuslsomini
769 2071 1075 2142 conveniet.

85 2283 90 2296 ·
210 2240 464 2324 Disputatum
492 2237 588 2306 olim
606 2239 709 2320 init,
729 2239 816 2326 quis
847 2260 940 2306 nam
970 2239 1078 2306 cibus
1107 2239 1174 2306 ho.

13 2387 16 2406 ,
132 2343 232 2412 mini
249 2365 272 2408 a
293 2347 436 2408 natura
462 2341 516 2408 sit
536 2342 750 2409 destinatus
762 2361 844 2446 ,qen
868 2341 1101 2430 vegetabilis
1125 2361 1177 2406 an

12 2449 14 2518 ζ
129 2469 217 2516 vero
250 2446 468 2544 animalis?
498 2448 651 2516 Abeunt
684 2445 788 2512 enim
825 2445 1014 2514 animalia
1052 2451 1178 2513 cetera

12 2645 14 2668 r
126 2553 200 2620 hoc
222 2557 396 2638 respectu
415 2555 543 2620 sumta
563 2549 606 2616 in
624 2551 765 2616 classes
784 2557 884 2616 trsse
909 2551 1042 2636 aliqua
1065 2569 1174 2616 nem·

12 2685 13 2694 κ
127 2673 176 2746 pe
196 2662 310 2733 aunt,
336 2671 433 2738 quae
454 2651 548 2717 solis
573 2656 729 2718 tentum
751 2651 991 2718 animalibus
1011 2669 1173 2717 vescun-

126 2765 190 2826 tur
220 2755 475 2836 substantiis,
497 2775 583 2822 cum
612 2757 692 2822 alia
721 2755 816 2822 selis
844 2753 1085 2822 sustinentur
1107 2775 1174 2820 ve·

126 2859 391 2950 getabilibus‚
413 2864 527 2944 atque
551 2859 631 2926 alia
653 2859 777 2924 mixto
797 2864 963 2924 utuntur
983 2857 1083 2924 cibo.
1118 2855 1176 2923 st

128 2968 287 3034 classem
318 2963 488 3048 primam
517 2961 719 3048 pertinent
748 2961 864 3044 seles,
884 2979 997 3026 canes
1010 3003 1022 3038 ,
1043 2958 1177 3026 avium

126 3067 317 3152 quaedam
334 3066 502 3152 species,
522 3065 740 3150 amphibia,
751 3067 873 3150 pisces
888 3111 901 3149 ‚
919 3065 1068 3132 insecta
1088 3064 1178 3148 plu·

126 3177 246 3243 rima.
287 3173 501 3242 Herbivora
532 3175 622 3236 sunt
651 3170 818 3250 simiae,
847 3171 981 3258 porci,
1009 3189 1177 3260 pecora,

127 3275 217 3364 equi
239 3281 278 3341 et
299 3276 446 3341 multae
472 3273 604 3340 avium
635 3275 792 3358 species.
823 3277 1006 3364 'Denique
1033 3275 1178 3343 dantur

127 3385 434 3448 memoratorum
454 3375 686 3444 animalium
716 3380 879 3460 classes,
901 3401 998 3468 quse
1030 3380 1177 3446 utrius-

129 3502 202 3569 que
218 3483 333 3569 regni
354 3475 439 3548 cibe
461 3482 736 3562 utuntur3irno
754 3491 844 3552 sunt
860 3485 1073 3570 herbipora
1093 3483 1178 3570 (ps-
1228 3460 1234 3482 ¹

130 3607 240 3668 cora,
265 3587 400 3674 equi),
427 3605 524 3674 quae
556 3587 844 3654 necessitudine
871 3591 1091 3675 compulsa,
1115 3587 1177 3672 pi·

128 3691 255 3756 scibus
285 3695 325 3754 et
355 3687 462 3764 carni
483 3687 713 3763 adsuescunt
743 3691 806 3776 ·);
827 3695 866 3756 et
886 3697 1020 3758 nostra
1053 3691 1176 3760 etiam
1223 3760 1229 3773 ,

111 3823 116 3846 ³
131 3793 347 3860 domestica
372 3793 565 3860 animalia
589 3790 611 3874 (
621 3793 736 3872 feles,
756 3793 922 3877 canas),
943 3801 1085 3862 natura
1104 3817 1176 3864 sua
1249 3829 1251 3841 Α
1279 3793 1282 3798 ’

129 3900 369 3980 carnivora,
391 3897 676 3984 vegetabilibus
707 3896 927 3964 assuefiunt
956 3899 1066 3966 cibis.
1099 3897 1177 3968 Ad-

127 4008 237 4084 paret
265 4001 417 4084 igitur,
448 4001 683 4066 animalium
708 4001 879 4080 'classes,
914 4000 1015 4086 quod
1046 4002 1176 4083 ipsam

89 4173 91 4180 ,
128 4103 226 4174 facit
246 4103 324 4167 cibi
340 4101 525 4188 speciem,
547 4123 660 4168 sensu
681 4101 816 4169 stricto
847 4101 1037 4186 seiunctas
1067 4099 1179 4168 baud.

130 4207 316 4287 existere,
337 4213 382 4272 ut
410 4206 505 4272 adeo
531 4227 576 4272 ex
593 4208 741 4274 eadem
772 4209 891 4276 classe
920 4205 1076 4291 species·
1095 4204 1177 4274 sint

131 4310 377 4392 carnivorae,
401 4297 634 4378 herbivorae
663 4313 732 4378 aut
752 4307 1009 4399 greniv'orae,
1032 4311 1098 4378 vel
1116 4327 1173 4380 ex
1275 4393 1280 4400 ,
