2956 4996
1202 291 1213 336 l

252 353 318 441 450
402 359 494 424 trs..
511 355 539 422 Ι.
562 359 652 443 car,
673 347 737 421 ΙΙΙ.
761 354 822 418 De
845 300 1171 446 rnrsrrusrrorus.¹

253 501 359 566 ineo
379 520 578 587 nunquam
599 505 828 584 potest,nec
850 503 963 571 tunc,
980 498 1049 562 ubi
1067 497 1188 580 pisces
1211 517 1299 566 eum

255 609 408 682 adrem,
434 607 496 668 vel
527 623 669 689 aquam
692 621 735 686 eo
761 601 1073 684 impraegnatam
1098 600 1300 683 adspirant

129 727 140 762 ι
251 713 316 797 y).
348 713 403 779 De
426 711 514 772 ae're
546 707 655 772 acido
683 701 1126 768 carbonico‘admodum
1162 705 1300 786 'parum

254 811 364 887 ineo
396 810 674 895 reperitur3de
701 805 889 892 oxygenip
920 811 1049 870 autem
1071 813 1181 890 tanto
1212 811 1299 892 plus

207 946 208 950 ¹
252 917 336 981 fere
366 917 502 993 adest,
520 919 663 1000 quanto
690 911 962 997 profundiores
985 930 1106 996 aquae
1124 913 1301 997 regiones
1328 927 1331 934 ’

255 1021 380 1103 pisces
400 1021 581 1084 'incolunt
599 1017 655 1104 z).
679 1017 782 1099 Quae
803 1016 854 1080 sit
872 1015 950 1095 ejus
968 1013 1118 1076 vesicae
1136 1013 1302 1089 utilitas,

255 1121 359 1188 inter
391 1128 555 1189 naturae
587 1124 818 1183 scrutatores
850 1125 936 1182 actu
967 1116 1199 1198 disputatur.
1231 1115 1303 1178 Pu-

256 1231 346 1290 tant
379 1226 502 1314 aliqui
533 1245 617 1290 eam
647 1245 731 1290 esse·
756 1221 1080 1296 destinationem,
1097 1227 1142 1284 ut
1168 1239 1307 1302 corpus

254 1327 423 1410 piscium
455 1327 579 1392 levius
608 1323 831 1404 reddatur,
848 1346 921 1410 quo
950 1325 1108 1388 facilius
1137 1329 1302 1402 natare,

142 1435 146 1448 '
256 1430 475 1495 constrictis
494 1429 627 1494 vesicis
648 1431 690 1494 in
709 1429 943 1513 profundum
962 1428 1214 1504 descendere,
1236 1433 1305 1492 aut

187 1609 189 1612 Ι
255 1551 448 1627 emergere
479 1533 521 1597 in
540 1533 673 1596 ‘altum
702 1533 855 1615 possint
868 1575 894 1616 ,3
906 1552 993 1596 cum
1024 1535 1152 1596 adrem
1184 1529 1304 1623 iniis

256 1636 449 1698 cumulari
475 1636 648 1720 faciunt,
672 1635 864 1720 siquidem
890 1629 1014 1720 pisces
1050 1638 1155 1700 laesa
1177 1635 1306 1700 vesica

151 1761 154 1768 ⁴
256 1722 458 1802 natatoria
491 1755 625 1818 corpus
664 1744 777 1800 suum
807 1738 848 1800 in
878 1737 1109 1821 aequilibrio
1149 1757 1306 1801 servare
1408 1729 1414 1742 ”

96 1872 107 1934 ¹.
159 1849 161 1858 ⁴
188 1927 192 1934 Ἰ
255 1860 336 1906 non
356 1839 523 1923 amplius
556 1841 719 1923 possint.
751 1843 803 1920 Er
830 1841 880 1904 iis
912 1849 1061 1916 autem,
1084 1843 1305 1926 queeB10'r

257 1944 563 2023 animaduertit,
588 1964 732 2027 organa
751 1946 846 2010 haec
870 1942 1039 2008 similem
1063 1965 1141 2009 una
1156 1946 1306 2009 habent

255 2067 343 2111 cum
362 2048 563 2112 branchiis
589 2068 702 2111 usum
722 2049 806 2134 aa),
829 2047 968 2134 quibus
991 2049 1044 2110 Er
1057 2067 1095 2110 m
1108 2067 1167 2112 an
1179 2048 1193 2110 i
1205 2068 1228 2110 a
1239 2067 1265 2112 n
1280 2067 1304 2110 a

175 2143 178 2152 ’
249 2151 406 2217 lacced‘it
427 2152 647 2216 observatio
669 2151 714 2215 de
733 2153 861 2218 Cobiti
890 2153 1040 2230 fossili,
1064 2154 1131 2240 qui
1161 2169 1304 2238 aquam

258 2254 502 2338 deglutitam
524 2275 593 2338 per
625 2273 744 2353 anum
775 2255 928 2332 reddit,
961 2255 1071 2320 acido
1101 2256 1305 2320 carbonico

255 2349 594 2444 impraegnatam,
614 2365 658 2426 ut
680 2360 773 2426 adeo
805 2353 920 2443 tubus
954 2361 1223 2430 alimentarias
1253 2361 1306 2428 ai·

259 2465 343 2526 'mul
361 2465 659 2547 respiratorium
677 2464 729 2527 sit
748 2482 927 2548 organon,
939 2465 1022 2546 bb).
1075 2549 1080 2556 ι

298 2627 301 2633 ’
341 2623 539 2687 Animalia
558 2624 686 2688 minus
708 2626 899 2706 perfecta,
922 2625 1109 2690 vertebris
1144 2625 1306 2689 destitu-

259 2729 324 2799 ta,
353 2721 572 2806 generalem
595 2745 744 2810 quoque
764 2726 998 2792 confirmant
1018 2729 1162 2810 legem:
1187 2745 1307 2812 quan·

259 2831 300 2890 to
318 2825 427 2888 ,enim
447 2827 676 2909 perfectiore
698 2825 867 2912 gaudent
891 2831 1165 2912 respirationis
1188 2850 1306 2914 appa-

257 2937 368 3003 ratu,
392 2935 504 2993 tanto
527 2930 645 2994 etiam
666 2933 866 2998 celeriores
890 2938 927 2996 et
947 2911 1127 2997 forti'ores
1146 2933 1306 3017 perfice-

259 3031 457 3098 revelent
485 3029 625 3098 motus.
650 3066 689 3084 ·-
718 3035 906 3120 Mollusca
925 3034 1004 3116 jam
1032 3035 1306 3116 pulmonibus,

258 3133 338 3216 jam
358 3133 557 3197 branchiis
579 3138 707 3214 aerem
729 3137 885 3202 ducunt.
919 3139 1069 3203 Helices
1092 3139 1250 3223 quidam
1267 3146 1307 3204 et

259 3233 418 3298 limaces
444 3255 599 3299 caveam
612 3238 765 3304 habent
782 3235 1040 3323 peculiarem,
1062 3244 1307 3307 membrana-

263 3329 609 3402 ceo-mus'culosam
621 3381 632 3415 ,
652 3340 758 3406 intus
788 3337 997 3426 spongiosa
1017 3343 1181 3427 quadam
1202 3365 1305 3408 mas·

262 3461 304 3503 sa
316 3479 326 3513 ,
348 3439 423 3502 reti
443 3461 623 3506 vasorum
643 3443 856 3520 instructa,
874 3443 1090 3518 obductam.
1126 3447 1305 3511 Commu·

159 3619 162 3627 Ι
213 3622 215 3626 Ι
261 3541 372 3611 nicet
392 3563 437 3608 ea
466 3563 582 3608 cavea
606 3566 676 3628 ope
701 3543 893 3627 spiraculi*
918 3549 1112 3610 cuma'e’ra
1140 3547 1303 3612 circum-

262 3645 342 3714 fluo
353 3688 364 3720 ,
377 3651 415 3712 et
434 3655 594 3728 possunt
613 3669 658 3722 ea
678 3648 868 3716 animalia
883 3650 1105 3715 voluntario
1126 3652 1205 3714 fere
1221 3671 1306 3715 mo-

193 3765 199 3780 ’
264 3746 319 3823 do,
334 3749 463 3814 adrem
485 3751 684 3833 adspirare
708 3759 745 3815 et
763 3745 942 3829 reddere,
960 3773 1046 3818 cum
1067 3775 1133 3838 par
1146 3754 1308 3840 'diversa

261 3853 450 3934 temporis
470 3853 679 3922 intervalla
698 3875 855 3918 caveam
874 3843 1167 3938 respiratoriam
1189 3856 1304 3922 didu«

262 3959 357 4016 eunt
383 3961 420 4018 et
450 3956 708 4032 contrahunt,
729 3955 932 4042 ipsumque
959 3959 1195 4042 spiraculum
1217 3979 1306 4042 ape-

265 4059 373 4128 riunt
396 4065 435 4125 et
458 4061 654 4128 claudunt.
689 4063 901 4130 branchiae
931 4064 1209 4132 molluscorum
1237 4084 1307 4130 vae

266 4165 368 4240 riam
388 4167 536 4237 habent
555 4167 768 4252 fabricam,
789 4176 828 4236 et
848 4172 1092 4258 reperiuntur
1114 4172 1156 4244 in
1178 4170 1307 4244 dicer.

953 4329 956 4383 ι
