2922 4996
213 431 214 444 κ
283 397 344 468 186
388 376 475 467 Lis.
498 357 1238 464 desertussrrnrrr.mersrroxs.

197 591 199 604 s
284 557 372 600 cum
395 539 605 621 solidarum
628 557 788 601 ecrasso
811 537 852 598 in
872 523 984 598 tenue
1011 534 1240 598 intestinum
1257 556 1318 602 re·
1404 585 1418 634 t

278 660 469 725 gressum,
491 643 583 706 adeo
596 687 607 718 ,
631 649 674 706 ut
699 643 785 704 aere
807 645 874 702 aut
896 659 996 724 aque
1013 637 1054 700 in
1078 641 1318 704 crassumin-

277 739 394 823 jecta,
419 743 544 822 plicae
574 733 740 807 st‘rictim
768 740 841 804 sibi
873 739 1172 815 admoveantur,
1192 739 1320 804 viam-

277 865 351 931 que
375 827 422 910 ed
452 851 565 910 tenue
594 846 828 910 intestinum
863 841 1126 926 praecludent.
1167 844 1247 906 Etsi
1277 841 1320 908 icl

274 943 612 1032 experimentum
601 971 641 1018 m
677 948 858 1010 cadavere
880 965 957 1008 non
984 963 1132 1026 semper
1160 967 1203 1008 ex
1224 949 1317 1010 voto

275 1057 496 1132 succedit,
485 1077 525 1119 rn
557 1075 715 1146 corpore
737 1022 854 1127 vivo,
876 1051 943 1114 ubi
972 1050 1094 1113 fibrae
1123 1054 1317 1114 muscula-

191 1240 196 1244 ·
273 1181 335 1224 res
357 1159 569 1222 irritabiles
592 1163 681 1222 sunt
690 1199 700 1232 ,
716 1156 784 1219 via
807 1156 847 1219 in
868 1161 983 1220 tenue
994 1153 1231 1218 intestinum
1252 1175 1319 1237 pe·

282 1266 408 1354 nitus
405 1225 631 1349 praecludit
633 1285 703 1341 ur,
710 1251 805 1336 ita,
826 1268 869 1325 ut
897 1261 1041 1325 solidae
1071 1262 1207 1326 saltem
1235 1263 1319 1326 sae·

175 1349 179 1360 ’
274 1387 357 1444 ces,
381 1369 499 1444 donec
519 1369 704 1432 normalis
726 1366 895 1430 adfuerit
923 1371 1068 1446 status,
1089 1365 1214 1430 redire
1239 1387 1317 1431 non

275 1471 450 1554 possint'3
474 1477 576 1536 arcet
605 1477 734 1534 autem
761 1469 863 1550 plica
897 1467 1059 1532 inferior
1080 1470 1248 1533 reditum
1271 1489 1318 1534 ex

275 1595 409 1670 caeco,
441 1575 616 1658 superior
644 1593 734 1637 vero
768 1591 814 1634 ex
841 1570 936 1634 colo'
956 1586 1168 1660 regressum
1194 1572 1317 1656 impe·

276 1661 335 1742 dit
358 1681 433 1766 ss)

357 1811 586 1916 Longiorem
607 1823 644 1882 et
662 1791 872 1881 maximam
888 1817 1011 1880 crassi
1031 1817 1209 1906 intestini
1228 1837 1316 1920 par·

273 1925 352 1984 tem
373 1920 518 1982 colon
541 1919 768 1993 constituit,
784 1941 805 1982 e
828 1921 984 1982 valvula
1003 1896 1106 1982 dicte
1128 1911 1316 1995 exortum,

276 2029 314 2085 et
337 2007 523 2107 tanquam
548 2021 811 2104 semicirculus
837 2027 949 2087 tenue
974 2021 1204 2086 intestinum
1236 2021 1316 2086 cin·

266 2143 365 2208 'gens
384 2168 394 2201 ‚
426 2131 540 2207 atque
582 2123 685 2185 circa
714 2115 896 2186 ultimam
936 2123 1155 2186 lumborum
1188 2127 1315 2185 verte-

98 2209 100 2216 ’
184 2237 189 2255 ¹
270 2227 383 2312 brem
405 2228 446 2289 in
465 2231 611 2288 rectum
631 2225 860 2310 intestinum
875 2226 1154 2290 continuatum.
1178 2227 1314 2288 Incon-

270 2327 558 2411 'stens'qui'dem
582 2334 638 2390 est
657 2329 754 2402 situs
774 2327 955 2391 intestini
980 2328 1071 2400 coli,
1099 2331 1212 2408 prout
1233 2325 1313 2389 see·

274 2431 381 2492 cibus
416 2437 483 2492 aut
508 2429 666 2504 flatibus
691 2433 776 2514 plus
800 2439 867 2494 aut
898 2429 1023 2494 minus
1046 2431 1120 2493 hoc
1153 2429 1216 2492 vel
1244 2430 1313 2496 illo

166 2591 168 2606 ,
198 2548 202 2563 “
255 2527 356 2594 'loco
388 2533 580 2613 rep-letur3
601 2538 677 2596 tres
698 2539 829 2595 tamen
854 2533 997 2604 incolo
1019 2531 1312 2615 distinguuntur

274 2635 415 2712 partes.
440 2631 1268 2712 Colondextrumseu·adscendens
1292 2653 1316 2698 a
1369 2637 1371 2642 ’
1450 2677 1451 2684 1

178 2796 180 2810 ,
272 2731 374 2795 fecie
403 2732 558 2816 interna
579 2735 670 2797 ossis
694 2734 757 2796 ilii
796 2740 991 2810 exortum,
1012 2735 1054 2800 in
1072 2737 1228 2817 regione
1249 2735 1316 2798 ili·

271 2855 341 2897 aca
362 2829 497 2897 dextre
509 2880 519 2913 ,
539 2843 629 2913 ante
658 2857 789 2900 renem
821 2837 990 2917 ejusdem
1016 2839 1149 2902 leteris
1162 2878 1173 2912 ‚
1194 2857 1314 2922 usque

145 2991 153 3004 ,
248 2937 402 3028 xlohum
431 2937 606 3001 dextrum
639 2939 791 3022 hepatis
821 2932 1023 3004 adscendit
1047 2961 1057 3018 ;
1080 2941 1176 3004 facit
1209 2957 1312 3003 nunc

246 3027 527 3124 'flexu-rem
554 3043 773 3128 primam
790 3065 819 3107 s.
842 3043 1094 3122 dextram,
1117 3047 1154 3107 et
1183 3041 1312 3107 tendit

169 3134 172 3144 ’
270 3146 323 3229 ed¹
341 3145 677 3210 latussinistrum.
701 3144 756 3209 Ab
779 3147 854 3225 ista
875 3166 963 3230 ergo
985 3147 1132 3211 flexura
1157 3145 1311 3210 colon

269 3252 522 3314 transvers
537 3268 610 3310 um
632 3269 698 3330 per
716 3250 912 3333 regionem
939 3251 1207 3315 umbilicalem
1236 3249 1306 3336 suli

269 3368 437 3416 convexo
472 3349 683 3414 ventriculi
712 3371 822 3426 arcu,
847 3353 907 3420 cui
932 3338 998 3434 Per
1022 3360 1219 3426 omentum
1245 3369 1311 3436 ga·

268 3451 516 3514 strocolicum
566 3453 777 3532 cohaeret,
816 3455 1052 3522 horizontali
1098 3455 1310 3518 directione

266 3552 534 3630 sinistrorsum
565 3559 603 3624 et
642 3563 895 3635 entrorsum,
927 3557 1032 3642 infre.
1069 3557 1209 3624 lienem
1245 3574 1309 3618 us·

266 3675 339 3737 que
377 3657 573 3734 excurrit3
602 3658 698 3722 facit
728 3679 830 3722 nunc
859 3659 1108 3721 flexuram
1136 3663 1305 3722 secun·

266 3757 368 3820 dem
385 3779 412 3820 s.
431 3759 709 3846 sinistram.
734 3759 937 3831 Descendit
956 3760 1070 3826 modo
1092 3761 1133 3824 in
1148 3763 1306 3846 regione

214 3887 217 3894 ·
264 3863 379 3926 iliaca
414 3866 593 3945 sinistra,
620 3871 709 3930 ente
736 3884 867 3930 renem
891 3865 969 3945 ejus
1001 3865 1157 3942 leteris,
1186 3885 1307 3950 usque

185 4007 192 4024 ι
263 3967 460 4040 internam
481 3973 574 4034 ossis
598 3971 660 4032 ilii
684 3968 847 4044 faciem,
876 3976 914 4034 et
936 3968 1078 4034 dicitur
1102 3970 1213 4033 colon
1243 3970 1305 4033 si·

264 4070 485 4136 nistrum
526 4091 554 4138 s.·
592 4073 931 4149 descendens3
963 4071 1150 4137 describit
1188 4071 1302 4148 modo

264 4173 519 4244 flexuram
560 4175 775 4242 tertiam
813 4192 846 4240 s:
873 4175 1229 4254 iliacam,ita,
1258 4167 1305 4248 ut

251 4295 425 4363 cupreos
449 4279 612 4344 iliacum
637 4279 868 4359 sinistrum,
892 4279 1104 4350 introrsum
1127 4283 1163 4344 et
1184 4275 1303 4346 simul

1357 1547 1366 1578 Ι
