2898 4992
302 405 310 434 ³
455 408 563 477 scor.
580 407 609 478 l.
626 403 684 478 Dr.
705 421 844 511 celibe.
1086 431 1169 507 ,419

96 557 99 566 ’
190 541 268 606 loco.
287 545 398 606 Aderat
413 549 520 606 hernia
542 553 723 612 umbilicalie
748 555 917 628 congenita,
939 561 987 614 cui
1009 557 1161 620 abnormis
1186 545 1189 552 ²

192 639 293 694 cordis
326 641 426 708 situs,
450 653 485 696 ut
517 644 674 718 probabile
710 656 780 710 est,
807 648 994 704 occasionem
1026 631 1162 713 dederat·

191 730 343 784 Haerebat
367 730 444 784 enim
467 748 520 785 cor
545 731 577 786 in
607 725 775 787 abdominis¹
806 727 896 798 caio,
914 754 982 792 curn
1007 739 1113 811 hepate
1132 753 1163 797 et

191 819 311 892 potiore
330 813 464 873 intestini
482 818 579 875 tenuia
604 820 744 892 portione
764 838 852 876 sacco
876 823 1032 890 hernioso,
1051 829 1162 900 perito·

192 909 259 964 nael
286 909 466 982 pellucentid
487 909 631 982 prolapsu
664 909 811 978 formato,
830 912 998 978 inclusum,
1017 918 1109 983 adeo,
1128 929 1163 974 ut
1188 905 1191 912 Δ

126 981 131 989 ’
190 999 288 1052 omnis
314 1000 378 1067 ejus
400 1007 517 1063 motus,
535 998 711 1070 irregularis
741 1001 879 1072 quidem,
899 999 995 1056 videri
1021 1005 1161 1074 potuerit.

192 1085 274 1141 Vixit
298 1086 324 1141 is
349 1087 447 1141 foetus
472 1087 556 1146 horis
584 1089 637 1155 24,
656 1087 818 1162 respiravit
844 1087 964 1158 debite,
990 1091 1114 1158 ejulavit
1131 1099 1163 1146 et

191 1171 352 1244 deglutivit
376 1171 491 1247 liquide
510 1173 555 1228 ori
579 1173 718 1229 immissa.
739 1173 850 1229 Incidit
870 1175 985 1230 tardius
1004 1176 1034 1231 in
1056 1180 1159 1252 esphy·

190 1261 300 1316 cticum
318 1271 443 1327 statum,
462 1279 478 1316 e
496 1279 557 1334 quo
573 1261 620 1316 bis
642 1262 837 1328 resuscitatus
862 1262 978 1331 suerat3
998 1265 1164 1338 exspiravit

191 1348 320 1404 tandem.
339 1348 477 1408 Vidimus
496 1349 528 1404 iu
546 1347 692 1406 cadavere
713 1350 870 1422 pulmones
887 1351 987 1406 debite
1004 1353 1158 1422 evolutos,

75 1443 78 1450 '
186 1439 220 1495 in
238 1440 369 1496 thoracis
387 1455 461 1492 cavo
480 1437 637 1496 haerentes
648 1457 657 1506 3
669 1439 800 1510 pectoris
815 1451 919 1494 cetum
935 1455 1055 1494 acavee
1073 1442 1163 1498 ebdo-

188 1528 278 1582 minis
309 1526 531 1600 diaphragmate
565 1525 699 1600 perfecte
736 1525 903 1595 sejunctum
923 1546 934 1596 3
952 1543 1012 1583 'cor
1031 1565 1040 1596 ,
1060 1529 1164 1586 debite

190 1614 368 1680 formatum,
387 1613 473 1687 apice
492 1629 547 1667 suo
571 1611 674 1667 dextre
691 1623 721 1668 et
743 1601 893 1669 interiora
912 1617 1094 1690 respiciens,
1113 1635 1163 1692 pe·

188 1701 320 1756 ricardio
337 1703 488 1772 cinctum,
506 1700 588 1756 dicte
605 1701 772 1774 peritonaci
787 1719 874 1756 sacco
889 1703 1062 1770 inhaerens,
1083 1705 1164 1760 facie

187 1789 277 1863 plena
301 1790 449 1863 peculiari
473 1790 589 1864 hepatis
616 1790 826 1860 excavetioni,
845 1792 877 1846 in
908 1794 1067 1867 superficie
1096 1796 1163 1863 ejus

189 1895 320 1934 convexa
344 1879 498 1945 existenti,
518 1879 703 1936 incumbens.
728 1881 892 1935 Descendit
915 1897 990 1936 vena
1016 1900 1088 1937 cave
1114 1901 1161 1938 su·

189 1969 1164 2044 pmmmwmmmfflmmmmwfflwmw

189 2067 275 2135 ptum
302 2069 531 2128 transversum
556 2049 738 2130 pulmonelis
765 2075 838 2112 vero
868 2061 1004 2123 arteria,
1034 2061 1161 2116 eundem

187 2147 306 2218 trajecit
324 2146 509 2210 musculum,
524 2155 554 2200 et
569 2141 659 2200 solito
675 2161 755 2199 more
770 2145 801 2198 in
819 2161 917 2200 ramos
931 2146 1026 2200 divisa
1043 2148 1080 2202 ad
1097 2149 1163 2222 pul·

187 2252 291 2291 mones
313 2232 490 2299 adscendit3
509 2230 639 2303 denique
666 2241 750 2286 aorte
770 2232 854 2286 hietu
875 2235 1018 2306 proprio,
1039 2237 1068 2290 in
1090 2237 1163 2300 sinif

187 2335 250 2380 stra
265 2321 370 2377 costeli
388 2319 619 2392 diaphragmatie
643 2328 730 2392 parte
755 2317 917 2384 existente,
937 2320 966 2372 in
985 2319 1090 2392 pccths
1111 2323 1162 2377 ad·

188 2410 338 2476 surrexit,
358 2406 499 2462 lorrnavit
516 2421 617 2461 arcum
633 2443 642 2472 ‚
661 2415 691 2459 et
716 2405 871 2458 descendit
896 2423 999 2459 rursus
1024 2425 1079 2479 per
1101 2409 1162 2462 hie-

186 2509 250 2556 tum
271 2481 455 2551 consuetum.
484 2492 678 2548 Ventriculus
708 2494 780 2547 satis
805 2493 921 2566 amplus
946 2505 975 2547 et
994 2495 1159 2566 praelongo

185 2587 352 2661 oesophago
369 2585 549 2648 instructus,
572 2583 648 2636 infre
663 2585 758 2654 hepar
773 2583 948 2636 reconditus
968 2581 1088 2650 haesit3
1109 2584 1159 2638 be·

187 2696 243 2754 par
260 2687 379 2750 praeter
397 2674 445 2740 id„
464 2672 544 2747 quod
569 2673 600 2726 in
624 2672 850 2742 semiglobosam
876 2681 1046 2726 contortum
1066 2671 1160 2726 luerit

187 2767 328 2839 liguram,
346 2763 422 2816 nihil
452 2760 615 2835 peculiaris
641 2759 774 2813 exhihuit
791 2778 801 2826 3
820 2759 959 2813 intestina
980 2757 1159 2814 inflammata

188 2868 218 2910 et
243 2848 537 2924 pseudomemhrenls
559 2856 699 2901 concrete
722 2846 861 2906 vidimus.
887 2847 1015 2919 Reliqua
1039 2846 1157 2902 viscere
1219 2859 1230 2878 ‘

125 2985 128 2992 .
187 2921 384 3000 ebdominelie
402 2934 548 2994 normulie
565 2935 757 2990 videbantur.
833 3000 835 3005 1

562 3133 591 3209 l·
635 3135 712 3214 387·

422 3273 599 3378 cordis
631 3309 849 3378 fabrica.

197 3454 352 3522 Eutime
372 3449 496 3519 cordis
518 3453 767 3530 membrana,
786 3447 992 3536 pericerdii
1014 3449 1153 3536 produ·

115 3556 195 3623 ctio
219 3559 269 3643 (t
285 3559 405 3642 386.),
424 3575 494 3640 ope
515 3559 640 3620 textus
671 3554 862 3634 cellulosi‚
887 3553 954 3640 qui
975 3552 1171 3660 adipem&

114 3661 168 3728 ed
183 3668 315 3728 eortee
338 3667 376 3726 et
395 3661 633 3745 pulmonelis
652 3651 817 3724 arteriae
837 3653 965 3725 ortum
980 3703 990 3737 ,
1008 3664 1046 3721 et
1067 3659 1153 3720 loce
1262 3658 1264 3662 ’

114 3787 160 3832 ea
174 3812 185 3847 ,
205 3785 300 3852 quae
322 3763 424 3832 vasis
454 3748 663 3832 coronantis
690 3761 900 3842 maioribus
928 3763 1152 3843 perreptan·

111 3882 195 3960 tur,
219 3875 413 3950 continet,
434 3895 613 3943 carnosae
633 3870 801 3938 nectitur
818 3870 1069 3938 substantiae.
1089 3869 1151 3932 In·

110 3973 211 4040 tima
234 3983 363 4043 autem
395 3975 519 4042 cordis
550 3974 682 4042 tunice
702 3997 724 4038 e
747 3975 846 4040 vasis
874 3972 1083 4052 melioribus
1095 3980 1109 4050 ,'
1128 3989 1153 4036 tt

110 4080 221 4142 venis
265 4079 368 4144 cavis
408 4085 447 4143 et
482 4078 775 4164 pulmonalihue
807 4075 850 4141 in
887 4075 992 4139 sinus
1012 4111 1024 4170 .’
1055 4089 1152 4156 eque

109 4185 223 4246 corta
248 4188 285 4247 et
311 4181 453 4246 arteria
481 4181 699 4265 pulmonali
728 4180 769 4244 in
794 4169 1028 4242 ventriculos
1061 4177 1150 4256 'pro-

110 4283 250 4363 encta,
278 4287 406 4354 tenuis
426 4293 464 4353 et
495 4285 689 4370 pellucido
700 4325 711 4360 ,
734 4282 783 4349 ad
811 4279 922 4446 0εὲῗί
931 4269 1087 4363 temen,
1107 4280 1170 4396 nt*
1215 4379 1217 4382 ι

942 4401 962 4446 n
