2956 4996
260 383 323 464 276
406 375 543 444 L1e.1.
565 371 653 440 cir.
672 373 736 440 111.
756 375 813 440 Du
837 355 1152 451 arsrrnsrroui.

344 521 452 587 iutra
474 525 620 584 certum
649 525 800 601 tempus
832 527 1100 598 consumatur,
1122 523 1301 589 absolute

344 623 595 687 determinari
634 620 701 682 vix
741 624 898 701 potest,
939 622 1130 706 siquidem
1168 631 1297 699 aetas,

312 709 316 749 ⁹
344 722 570 789 constitutio
599 719 821 796 individua,
851 728 1225 805 temperamentum,
1244 726 1299 788 ci·

342 827 385 892 bi
416 833 453 889 et
480 833 593 912 potus
622 824 745 900 ratio,
769 825 912 888 sanitas
946 829 1013 888 adt
1045 830 1196 892 morbus
1227 838 1298 893 etc.

344 933 494 996 variam
522 936 668 1013 ponant
696 929 744 990 ad
772 930 844 992 boc
876 930 1109 1015 principium
1140 935 1298 999 relatio⁴

343 1053 453 1111 nam,
479 1033 519 1096 id
551 1030 653 1118 quod
681 1031 929 1110 caawrosu,
955 1029 1120 1110 icarus,
1143 1039 1299 1102 stor·

347 1151 435 1201 sluu
459 1141 529 1200 etc.
553 1132 630 1198 suis
654 1133 1008 1201 animadverterunt
1027 1135 1205 1220 periculis
1225 1143 1301 1228 m).

248 1321 251 1328 Ἰ
342 1237 433 1302 Post
457 1237 582 1302 multa
606 1257 696 1300 vero
732 1238 1016 1318 experimenta,
1039 1260 1061 1302 a
1089 1243 1294 1322 MuuzmS,

340 1339 594 1412 sto1s1nu,
616 1340 760 1402 Sauum
794 1345 833 1404 et
861 1341 977 1404 Davr
1010 1342 1135 1418 facta,
1158 1345 1297 1412 didici·

343 1463 449 1518 mus,
475 1443 644 1508 mediam
665 1443 847 1528 oxygenii
877 1447 1070 1511 consumti
1097 1450 1296 1534 quantita·

341 1555 419 1614 tem
440 1549 545 1612 intra
566 1547 703 1612 horam
731 1547 863 1628 pedem
884 1549 970 1612 cub.
995 1549 1161 1630 efficere,
1184 1554 1298 1620 adeo-

342 1671 413 1738 que
431 1667 472 1726 ro
501 1653 687 1714 horarum
714 1650 840 1733 spatio
869 1649 987 1714 libras
1006 1667 1059 1729 a,
1080 1656 1235 1746 unciam
1269 1676 1298 1724 ι.

341 1763 380 1821 et
403 1754 627 1819 drachmam
651 1771 680 1819 1.
699 1751 745 1816 de
762 1755 850 1817 ae're
868 1754 982 1819 vitali
1004 1757 1155 1826 absumi
1174 1763 1235 1846 n).

382 1900 437 1994 e).
474 1895 595 1961 Tenet
625 1895 690 1960 a'e'r
722 1897 931 1979 respiratus
965 1900 1160 1984 insignem
1196 1901 1299 1967 acidi

341 1995 538 2066 sarbonici
572 1997 755 2080 copiam,
778 1997 966 2062 minorem
994 2005 1123 2064 tamen
1146 2045 1156 2080 ,
1180 2019 1296 2086 quam

340 2101 513 2184 absorpti
537 2097 718 2183 oxygonii
748 2101 945 2184 quantitas
975 2119 1155 2184 generare
1184 2105 1295 2186 pote·

341 2213 402 2273 rat
424 2206 492 2291 na)
507 2201 615 2282 3inde
636 2199 757 2287 igitur
779 2208 853 2275 est,
874 2201 973 2286 quod
995 2202 1206 2294 exspiratus
1230 2208 1297 2271 air

221 2314 230 2330 ⁸
341 2301 648 2392 atmosphaerico
672 2303 725 2366 sit
750 2303 930 2396 gravior,
951 2303 1126 2388 quodque
1157 2323 1297 2389 aquam

337 2411 452 2475 calcis
463 2407 661 2472 turbidam
678 2405 826 2475 reddat.
849 2408 1000 2471 Summe
1019 2409 1197 2472 nocivam
1214 2409 1299 2472 ani-

338 2513 435 2579 mali
455 2510 606 2593 corpori
626 2509 725 2572 hanc
755 2530 833 2573 esse
864 2511 1125 2574 substantiam
1150 2511 1200 2592 (§.
1222 2521 1297 2587 214.

254 2679 259 2684 ,
339 2637 380 2680 n.
399 2612 452 2699 3.)
475 2613 554 2698 jam
577 2609 765 2684 vidimus,
787 2617 917 2695 estque
940 2615 1005 2674 air
1027 2631 1104 2675 non
1135 2630 1295 2675 renova·

339 2724 402 2782 tus
425 2717 473 2780 ob
500 2715 830 2798 hauopraecipue
856 2715 1139 2798 corruptionem
1170 2717 1296 2779 letha·

336 2819 399 2885 lis.
438 2817 478 2882 Si
520 2817 665 2900 igitur,
705 2817 805 2900 quod
842 2819 1070 2883 Lavo1s1Eu
1110 2825 1296 2894 testatur,

336 2925 565 3009 generatum
586 2917 740 2981 acidum
764 2917 1011 2983 carbonicum
1028 2903 1095 3002 per
1112 2919 1295 2984 lixivium

221 3011 226 3018 ¹
338 3020 551 3088 causticum
571 3020 652 3083 ae'ri
672 3019 860 3103 respirato
883 3021 1124 3101 detrahitur,
1145 3024 1295 3087 anima·

339 3124 397 3190 lia
427 3125 508 3188 sine
538 3123 783 3188 incommodo
820 3131 1002 3202 manent,
1031 3127 1216 3211 oxygonio
1247 3125 1296 3190 ad

340 3245 431 3312 15,o.
450 3223 605 3292 reducto
630 3227 688 3312 o).
718 3229 810 3290 Cum
840 3225 942 3289 acidi
961 3228 1157 3293 sarbonici
1183 3247 1296 3314 gane-

340 3329 458 3398 eisin
491 3333 594 3392 certa
619 3327 670 3392 sit
699 3329 886 3394 relatione
917 3327 964 3392 ad
993 3331 1173 3413 exygenii
1206 3353 1295 3398 con·

338 3429 599 3507 sumtionem,
619 3431 714 3494 haec
731 3427 846 3508 ve'ro,
861 3437 905 3494 ut
924 3431 1037 3496 modo
1060 3427 1205 3498 dictum
1226 3441 1295 3510 est,

338 3556 409 3622 pro
429 3535 549 3599 variis
570 3531 730 3600 differat
749 3535 1075 3614 circumstantiis,
1097 3537 1295 3624 quantitas

340 3638 537 3712 absoluta,
560 3657 655 3722 quae
680 3638 786 3702 intra
803 3643 947 3702 certum
965 3641 1118 3723 tempus
1138 3657 1294 3723 genere·

338 3752 426 3817 tur,
454 3739 705 3806 determinari
736 3739 940 3806 difficulter
968 3747 1107 3825 potest.
1137 3743 1295 3810 Accedit

341 3848 410 3912 cel.
430 3845 588 3910 Nrsrltu
610 3841 916 3920 animadversio,
939 3845 1040 3929 quod
1061 3851 1126 3913 ai'r
1150 3847 1249 3914 fixus
1270 3869 1295 3912 a

336 3947 586 4034 pulmonibus
606 3948 720 4010 facile
742 3947 884 4011 iterum
906 3949 1177 4026 absorbeatur,
1193 3949 1294 4015 unde

340 4057 380 4116 et
410 4050 520 4134 copia
548 4049 649 4130 ejus,
668 4047 701 4111 si
731 4037 834 4112 idem
861 4047 927 4113 air
959 4051 1103 4117 diutius
1129 4053 1295 4136 respira·

338 4163 424 4230 tur,
446 4151 636 4216 minuitur
664 4151 724 4234 p).
753 4147 950 4218 Differunt
976 4151 1098 4238 igitur
1122 4155 1205 4223 cell.
1234 4157 1294 4221 Ju-

339 4273 459 4337 nrna,
485 4257 690 4336 Maurus,
710 4253 937 4322 Lavorsraa
956 4265 993 4350 st
1011 4259 1129 4326 str
1146 4260 1296 4342 calculi;
