2922 4996
242 353 302 424 104
342 343 428 409 Lrs.
447 343 577 462 tear.
589 344 635 410 11.
655 321 927 416 Dnsnrrrnnr
946 327 1204 420 nrcnsrr'onr.

239 490 469 556 distinctam
490 481 560 571 (§.'
571 493 684 576 285).
718 495 868 574 Limes,
890 497 956 584 qui
975 475 1091 562 tenue
1116 503 1154 560 et
1181 513 1285 560 cras·

162 663 167 682 κ
237 615 322 660 sum
352 596 561 662 intercedit
594 598 871 680 intestinumj
893 601 1012 666 variis
1043 602 1087 666 in·
1120 599 1284 666 diversis

236 669 476 762 animalibus
499 684 670 776 efficitur
693 705 890 785 partibus·
913 706 1227 789 Homo‚Satyrus
1248 706 1288 766 et

98 791 100 798 ’
125 821 128 826 ·
234 786 508 874 Phaseolomus
527 803 712 874 intestino
731 825 841 872 caeco
857 825 942 870 cum
970 809 1181 892 appendice
1199 827 1287 872 ver·

235 903 413 982 miformi
432 903 613 999 gaudent.
635 909 724 974 Alia
745 911 975 974 mammalia
995 911 1058 974 vel
1077 909 1235 992 solum
1224 929 1288 972 rn-

215 1005 425 1080 „testinum
447 1002 599 1072 caecum
611 1053 624 1090 ‚
640 1011 704 1076 vel
723 1013 844 1076 solam
867 1012 1117 1096 appendicem
1137 1012 1285 1078 varmie

126 1096 130 1109 ‘
194 1111 195 1116 ’
235 1107 402 1190 formem
423 1109 594 1192 habent3
617 1115 679 1178 vel
709 1103 811 1180 nulli
835 1118 950 1202 plane
973 1117 1114 1182 adsunt
1134 1115 1286 1182 limites

235 1205 355 1289 certi,
380 1217 424 1294 ut
452 1215 547 1306 adeo
574 1217 806 1284 intestinum
838 1228 952 1285 tenue
980 1219 1176 1305 paulatim
1198 1238 1282 1281 am-

233 1316 402 1407 pliatum
423 1317 464 1382 in
485 1323 658 1385 cressum
680 1323 817 1403 abeat,
831 1323 931 1409 quod
951 1321 1076 1404 ipsum
1094 1321 1135 1384 in
1155 1320 1286 1385 diver·

233 1419 287 1483 ais
318 1420 672 1504 imperfectioribus
704 1425 823 1489 etiam
847 1425 999 1490 obtinet
1032 1422 1287 1489 animalibus.

234 1525 279 1588 ln
296 1523 469 1606 piscibus
487 1528 690 1591 nonnullis
711 1527 874 1592 inferior
892 1526 1072 1590 intestini
1094 1545 1183 1608 pars
1205 1526 1282 1590 mi·

115 1623 117 1636 '
220 1649 369 1700 ¹norem
396 1631 513 1716 plane
542 1631 663 1695 habet
695 1630 996 1715 amplitudinem
1028 1649 1141 1714 quam
1164 1634 1280 1726 tenua

164 1775 166 1780 -
232 1733 498 1811 intestinum,
532 1737 664 1817 estque
692 1739 933 1798 momentosa
961 1733 1030 1796 cel.
1055 1733 1092 1796 M
1109 1728 1157 1794 ec
1173 1733 1284 1798 laeli

204 1833 209 1852 '
233 1839 520 1918 adimadversio
533 1883 544 1916 ,
558 1840 659 1925 quod
678 1842 720 1906 in
739 1840 1009 1904 mammalium
1024 1840 1130 1904 foetu
1148 1839 1284 1903 eadem

236 1947 463 2010 observetur
486 1949 589 2012 ratio
605 1949 680 2032 ¹⁸¹⁶).
704 1946 832 2009 Etiam
851 1947 940 2032 gyri
963 1946 1072 2010 vario
1097 1941 1285 2008 differunt

233 2047 374 2112 modos
397 2053 488 2113 sunt
516 2049 705 2113 animalia
725 2049 857 2134 aliqua
868 2093 879 2124 ,
899 2045 1109 2112 herbiv'ora
1124 2047 1286 2126 ,praecia

230 2167 332 2234 pue,
355 2167 520 2236 quorum
548 2149 786 2216 intestinalis
818 2151 933 2214 tubus
966 2151 1101 2234 longus
1129 2155 1166 2214 et
1194 2169 1282 2232 perd

230 2253 377 2318 multos
396 2254 438 2318 in
457 2273 574 2340 gyros
599 2249 797 2336 contortus
820 2255 1013 2334 cernitur,
1037 2253 1129 2317 dum
1156 2251 1284 2316 carni·

230 2375 327 2419 vora
345 2357 502 2424 brevem
534 2364 870 2444 nonnunquam-et
889 2359 1009 2422 ferme
1033 2363 1181 2422 rectum
1205 2355 1279 2418 ha·

186 2479 190 2489 ’
230 2457 326 2524 bant
359 2461 533 2526 canalem
574 2460 880 2528 alimentarium.
922 2460 1111 2544 Longiora
1139 2477 1280 2539 nempe

109 2551 111 2558 ⁴
229 2579 343 2638 mora
363 2573 401 2629 et
429 2565 583 2628 actione
607 2565 850 2632 diuturniore
878 2585 971 2647 opus
1003 2560 1080 2640 est',
1101 2569 1278 2646 utvega-
1310 2643 1316 2666 Ι

230 2664 376 2729 tabilia
394 2666 436 2730 in
450 2667 660 2732 nutriciam
672 2672 873 2732 vertantur
894 2667 1175 2743 substantiam,
1189 2684 1278 2730 cum

144 2843 146 2855 ,
229 2767 339 2860 cibus
357 2768 541 2848 animalis
564 2788 648 2831 eam
667 2769 1002 2851 metamorphosin
1015 2769 1170 2832 facilius
1190 2768 1282 2832 sub·

184 2941 187 2948 k
227 2867 276 2933 it·
298 2868 589 2952 Rudolphio
613 2877 710 2938 teste
737 2871 821 2937 sola
854 2871 1083 2936 mammalia
1115 2875 1155 2935 et
1178 2889 1283 2947 aves,

135 2957 140 2966 ’
227 2975 363 3070 paucis
394 2973 559 3072 exceptis
565 3015 587 3071 7
613 2995 722 3039 veros
753 2974 902 3048 habent
934 2973 1116 3040 intestini
1144 2973 1282 3056 villos,
1318 2988 1326 3007 ‘

109 3125 114 3135 .
231 3092 318 3138 cum
343 3076 535 3140 animalia
555 3085 682 3145 cetera
704 3097 835 3142 eorum
865 3081 948 3141 loco
964 3077 1099 3158 ‘plicas
1129 3080 1282 3160 gerunt.

230 3180 508 3262 compererunt
528 3188 660 3248 tamen
680 3173 836 3248 civica
859 3188 897 3269 et
911 3183 1089 3248 stsou
1107 3182 1150 3245 in
1168 3181 1282 3246 tenui

233 3282 426 3346 intestino
465 3285 597 3369 Squali
628 3291 667 3350 et
695 3285 844 3374 Baiae,
881 3287 998 3369 inque
1017 3285 1282 3352 ·Pleuronecte

229 3383 401 3448 maximo
424 3389 461 3450 et
474 3387 685 3452 Testudine
703 3388 877 3472 insignes
894 3387 1010 3453 rillos
1030 3389 1089 3474 a).

317 3526 503 3594 Diversae
522 3531 642 3596 etiam
662 3535 867 3597 occurrunt
886 3527 929 3593 in
950 3527 1186 3594 animalibus
1202 3527 1279 3594 im·

230 3629 531 3715 perfectioribus
564 3634 668 3700 circa
702 3633 841 3698 tubum
872 3631 1143 3710 intestinalem
1176 3631 1283 3696 vari·

231 3737 352 3798 etates
364 3743 381 3809 ,‘
397 3753 559 3820 quarum
578 3737 696 3819 longa
717 3736 819 3800 foret
845 3733 1087 3814 enumeratio
1107 3731 1171 3822 b).
1204 3733 1297 3820 No·v

230 3840 317 3900 tare
337 3829 476 3900 saitem
505 3838 711 3916 volumus,
732 3820 919 3903 intestina
953 3835 1187 3900 insectorum
1210 3855 1282 3918 per

230 3940 315 4004 sola
333 3959 425 4018 vasa
444 3941 556 4009 eirea
585 3931 628 4004 in
656 3940 740 4004 situ
757 3937 984 4013 contineri,
1015 3937 1133 4024 inque
1158 3937 1283 4006 larvis

229 4040 384 4107 lobulos
421 4041 554 4108 adesse
593 4043 794 4128 adiposos,
822 4043 974 4110 tardius
1014 4040 1280 4126 disparantes,

229 4144 445 4212 nutritioni
467 4167 512 4210 ea
539 4147 699 4240 periodo
729 4148 1004 4227 inservientes,
1023 4151 1061 4212 et
1086 4165 1172 4212 cum
1200 4151 1280 4212 tra·

218 4249 339 4318 'chais
360 4251 608 4322 cohaerentes
636 4253 691 4342 c).
