2912 5000
249 401 316 466 soa
421 372 517 474 Lxess,
532 385 562 451 1.
583 379 674 450 Car.
688 383 729 448 V.
752 383 812 449 Ds
833 397 1120 490 sssoarrwrsr

671 547 787 616 acu,
819 545 859 610 V.

291 737 355 806 DE
380 734 708 804 ABSORPTIONE
736 735 796 798 ET
823 729 1257 800 saueulmcarlottu.

638 925 879 950 m

708 1087 738 1164 e.
778 1047 858 1166 θέο.

312 1255 1018 1357 Vesorumlymphatieorum
1041 1284 1235 1332 munus.

250 1417 437 1575 Triplex
474 1484 688 1573 generatim
725 1491 782 1551 est
820 1483 1028 1558 officium,
1061 1481 1161 1566 quod
1202 1499 1297 1544 vasa

217 1597 452 1680 praestant
488 1590 763 1676 lymphatica=
804 1589 1013 1656 absorbent
1057 1589 1298 1655 substantias
1348 1630 1359 1648 .

248 1702 425 1762 externas
466 1700 505 1761 et
544 1693 755 1778 particulae
792 1694 1041 1780 inquilinae,
1070 1697 1301 1758 convertunt

247 1801 452 1868 materiem
482 1798 707 1880 absorptam
734 1797 777 1860 in
805 1795 1034 1884 lympham,
1069 1802 1107 1860 et
1140 1813 1299 1878 promo-

247 1904 461 1968 venthone
484 1899 527 1964 in
555 1897 754 1982 sanguinis
783 1917 966 1964 massam.
1002 1898 1179 1964 Externis
1211 1897 1300 1990 sub7

247 1987 405 2073 stantiis
439 2001 691 2068 absorbendie
711 2021 807 2066 vasa
827 2001 1061 2086 respondent
1082 2001 1299 2086 lymphati:

247 2130 291 2172 ca
304 2154 315 2187 ‚
337 2128 432 2193 quae
454 2107 495 2172 in
528 2103 691 2168 cutan'eo
717 2107 929 2188 systemate
952 2103 966 2188 (
977 2110 1005 2182 §.
1026 2103 1100 2187 365·
1114 2104 1155 2188 ),
1180 2103 1298 2188 inque

247 2203 414 2281 mucosis
443 2209 720 2294 superficiebus
747 2206 761 2288 (
772 2215 800 2288 §0
823 2211 929 2292 1³20.)
953 2214 1082 2274 ortum
1115 2215 1300 2283 sumunt,

141 2355 147 2368 ·
248 2317 288 2378 et
318 2319 492 2398 spectant
532 2312 606 2379 huc
642 2312 848 2398 praecipue
882 2333 976 2378 vasa
1018 2313 1210 2400 chylifera
1245 2311 1299 2394 (ς.

246 2419 358 2504 aaa).
383 2421 438 2484 Ea
458 2425 588 2498 autem
609 2437 700 2484 vasa
712 2458 723 2493 ,
747 2437 843 2502 quas
863 2415 1078 2504 inquilinae
1100 2418 1297 2483 resorbeat

247 2523 456 2599 materias,
477 2521 642 2604 duplicis
662 2525 752 2585 sunt
772 2517 942 2585 ordinis:

375 2691 415 2776 1)
438 2687 533 2752 Sunt
556 2707 621 2762 ea,
642 2704 739 2772 quae
762 2687 805 2750 in
828 2684 1004 2752 celluloei
1026 2693 1154 2754 textus
1178 2689 1298 2756 inter·

331 2789 453 2856 stitiis
479 2784 531 2873 (ς.
552 2788 660 2871 114.),
677 2788 794 2873 inque
813 2787 958 2852 tunicis
979 2791 1116 2856 setosis
1140 2785 1297 2876 (5.126.)

300 2873 303 2882 ’
332 2895 637 2972 subnascuntur,
665 2897 703 2977 et
729 2891 928 2956 humorem
953 2893 1179 2972 exhalatum
1202 2895 1300 2960 reai-

330 2994 468 3078 piunt,
496 3000 534 3059 et
564 3014 629 3068 ea,
663 3013 761 3080 quae
788 2973 969 3058 liumores
1002 3001 1190 3074 secretos,
1217 2995 1301 3060 adi·

330 3115 421 3180 pem
444 3135 456 3172 ,
482 3096 694 3162 medullam
733 3097 909 3173 ossium,
937 3098 1057 3164 bilem
1082 3145 1092 3180 ‚
1122 3103 1301 3178 urinam,

327 3218 485 3282 sperma
517 3205 588 3263 etc.
618 3199 659 3263 in
685 3200 917 3284 sanguinem
955 3191 1154 3268 reducunt.
1196 3205 1299 3268 Haeo

331 3306 460 3364 autem
483 3299 632 3386 liquida
656 3302 863 3366 manifeste
882 3303 1098 3380 resorberi,
1122 3305 1302 3370 observa·

331 3401 459 3466 tiones
483 3403 760 3486 comprobant,
783 3403 860 3472 suis
883 3403 1069 3469 adauctas
1092 3405 1199 3470 locis.

368 3546 412 3630 a)
439 3543 535 3608 Sunt
557 3564 652 3608 vasa
672 3544 917 3632 lymphatica
933 3567 998 3624 ea,
1021 3567 1117 3633 quae
1142 3551 1184 3614 in
1202 3549 1303 3632 'ipsa

323 3647 498 3736 partium
518 3649 697 3712 mollium
722 3657 760 3714 et
780 3647 964 3726 durarum
986 3653 1210 3718 substantia
1238 3673 1300 3718 or-

326 3757 411 3816 tum
443 3757 627 3824 sumunt,
655 3757 693 3815 et
721 3752 950 3831 materiem,
976 3754 1132 3838 singula
1164 3775 1296 3838 corpo·

322 3852 377 3918 rie
389 3857 605 3940 systemata
626 3859 933 3936 componentem,
944 3858 1142 3922 resorbent
1155 3899 1165 3933 ,
1179 3858 1295 3941 ipsis·

325 3977 398 4046 que
441 3955 594 4022 arteriis
625 3959 832 4041 opposita,
869 3961 1058 4026 materiae
1096 3963 1301 4050 organicae

330 4057 574 4122 ablationem
605 4053 656 4140 (t.
676 4057 753 4144 79.)
774 4059 1007 4144 perficiunt,
1031 4069 1146 4149 atque
1170 4071 1301 4128 muta·

325 4159 477 4226 tionem
498 4164 724 4246 perpetuam
750 4160 800 4245 (ς.
820 4168 895 4252 78.)
923 4189 1074 4238 servare
1100 4170 1302 4250 adjuvant.

330 4259 561 4340 anatomicis
581 4263 737 4358 quidem
759 4275 842 4336 arte
860 4273 1132 4352 ,demonstrari
1158 4274 1302 4338 horum
