2694 4994
287 373 351 450 318
413 366 500 432 ma.
522 367 551 430 1.
574 366 666 430 css.
684 364 811 432 lune
829 377 987 432 sacam.
1009 379 1057 434 ur
1075 383 1241 442 exuar.
1327 333 1328 400 3

286 513 488 580 cernentia
506 513 643 579 cribris
671 514 974 600 aequiparantur
986 557 997 591 ,
1017 535 1083 608 seu
1119 535 1230 600 poros
1251 518 1302 588 ha·
1327 495 1328 504 ἵ

286 620 377 685 bere
403 623 626 682 statuuntur
657 624 782 682 certae
807 617 976 703 figurae,
998 620 1063 705 qui
1087 629 1211 686 certas
1236 630 1302 688 tan·
1327 609 1328 620 ¹

283 729 368 786 tum
389 721 587 804 sanguinis
607 722 838 803 particulas,
858 723 1049 805 peculiari
1070 723 1199 807 ligura
1215 744 1302 808 prae·

284 823 408 900 ditas,
429 823 701 886 transmittant
719 820 773 905 (§.
788 841 845 904 3⁰·
866 845 902 886 n.
922 824 1160 911 4.),¹dudum
1180 847 1242 910 per
1260 830 1303 892 Fr.

286 927 541 990 Gnissommu
563 925 736 1010 aliosque
756 926 962 1009 scriptores
985 930 1146 1010 explosa
1161 928 1234 992 luit
1253 932 1304 1014 ”).
1327 949 1328 1014 ς

285 1028 389 1094 idem
420 1029 538 1091 etiam
564 1029 690 1092 fatum
718 1027 938 1092 habuerunt
961 1031 1136 1094 colorum
1158 1035 1194 1092 et
1212 1031 1328 1092 tuba-l

282 1135 431 1206 lorum,
452 1133 626 1218 aliaeque
645 1135 800 1198 scholae
822 1136 1067 1202 mechanicae
1086 1140 1301 1224 hypotheses

283 1239 343 1324 a).
368 1238 680 1301 membranarum
696 1243 828 1302 tamen
849 1239 984 1321 pervia
1005 1240 1181 1320 indoles,
1202 1265 1222 1306 a
1235 1245 1303 1325 plu·
1327 1267 1328 1278 ¹

280 1343 388 1407 ribus
417 1347 594 1424 negata,
627 1339 674 1403 ab
709 1340 797 1406 aliis
827 1339 1056 1425 adfirmata,
1087 1347 1303 1432 singularem

284 1437 453 1512 meretur
474 1443 745 1533 attentionem
1261 1503 1266 1546 Ι

337 1623 341 1632 ·
366 1595 514 1660 Obviae
534 1597 624 1656 sunt
652 1577 957 1670 observationes,
979 1594 1119 1680 quibus
1151 1597 1302 1661 cell-lu·

284 1712 510 1771 ersmers,
531 1697 731 1759 sanarem
749 1697 787 1759 et
807 1691 1040 1760 Proconesus
1062 1699 1299 1772 ostenderunt,

283 1801 528 1865 membranas
542 1803 579 1861 et
595 1817 775 1861 vasorum
795 1799 961 1882 parietes
973 1801 1225 1884 permeabiles
1244 1821 1300 1866 esse

282 1903 338 1988 h).
372 1904 541 1966 siccatae
581 1899 684 1964 enim
719 1901 1001 1986 vegetabilium
1041 1910 1201 1988 partes,
1228 1907 1298 1969 licet

281 2005 382 2071 nulli
400 2003 526 2068 adsint
544 2003 631 2087 pori
649 2001 823 2068 visibiles
835 2005 849 2078 ,'
867 2024 967 2090 aqua
984 2007 1174 2091 irrigatae
1193 2031 1234 2074 ex
1253 2015 1296 2072 to·

282 2113 324 2174 to
355 2107 629 2180 emolliuntur,
658 2111 696 2170 et
724 2113 955 2190 recuperant
984 2109 1160 2192 vigorem
1190 2111 1297 2194 prieti·

281 2233 389 2280 num.
411 2214 489 2277 Hoc
508 2208 635 2296 ipsum
665 2211 802 2276 accidit
823 2231 906 2278 cum
937 2215 1117 2296 partibus
1140 2213 1297 2280 animalis

282 2314 470 2398 corporis,
488 2314 650 2388 humore
668 2315 904 2396 penetratis,
926 2321 964 2378 et
988 2316 1172 2380 nativam
1190 2315 1294 2378 molli·

281 2419 378 2484 tiam
406 2416 662 2490 habentibus,
683 2421 727 2480 ut
757 2415 851 2482 adeo
883 2417 1049 2482 siccatae
1067 2455 1078 2492 ,
1111 2415 1213 2503 quod
1240 2416 1297 2479 suis

281 2521 430 2586 dietum
464 2520 521 2580 est
551 2517 679 2596 locis,
715 2515 873 2600 liquidis
895 2515 1063 2604 'aquosis
1104 2524 1295 2582 maceratae

281 2623 450 2705 priorem
472 2619 666 2702 recipiant
693 2618 876 2682 indolem.
889 2609 894 2616 ’
908 2621 983 2682 Eae
1015 2625 1148 2684 autem
1168 2624 1292 2704 partes,
1313 2640 1318 2644 ·

280 2749 376 2815 quae
405 2726 548 2806 maiore
575 2731 685 2808 parte
723 2725 895 2808 simplici
926 2731 1103 2794 constant
1137 2713 1291 2792 celluloso

278 2836 410 2903 textu,
433 2826 602 2911 adeoque
629 2828 801 2911 gelatina
824 2827 1024 2914 abundant
1059 2831 1104 2913 (§.
1136 2831 1222 2912 99.),
1241 2828 1293 2889 hu·

282 2955 427 3000 morem
449 2933 605 2998 facilius
622 2932 834 3016 recipiunt,
857 2953 972 3017 quam
996 2931 1291 3000 texturae'aliaes

282 3039 478 3108 albumine
499 3044 536 3102 et
557 3035 702 3101 fibroso
721 3038 915 3124 principio
945 3037 1197 3103 abundantes.
1227 3035 1290 3098 Per·

280 3143 385 3208 viam
412 3143 511 3207 hanc
546 3139 856 3204 membranarum
887 3139 1055 3206 indolem
1084 3123 1290 3206 Masonem,

173 3239 177 3245 ⁸
279 3251 466 3328 Huurue,
487 3249 614 3336 etalii
635 3245 761 3328 plures
780 3248 820 3331 c)
839 3247 916 3312 suis
937 3247 1214 3312 confirmarunt
1239 3239 1287 3304 ob·

281 3349 574 3414 servationibus.
611 3347 759 3412 Etenim
783 3347 914 3430 gluten
943 3369 1010 3430 per
1040 3366 1216 3412 vasorum
1236 3359 1286 3423 pa·

279 3453 409 3532 rietes,
421 3453 503 3516 sine
522 3455 654 3514 tamen
676 3454 814 3525 colore,
826 3451 1040 3534 trajiciturs
1053 3453 1094 3516 in
1113 3451 1200 3514 vivo
1220 3443 1286 3509 dein

280 3555 449 3630 animali
465 3555 630 3618 arteriae
659 3560 838 3628 truncus,
861 3552 1008 3618 duobus
1036 3555 1128 3618 locis
1161 3553 1222 3618 filo
1245 3548 1286 3610 iu·

279 3660 503 3736 terceptus,
541 3642 693 3718 tantam
732 3657 882 3718 amittit
919 3656 1089 3720 humoris
1120 3645 1284 3720 naturalis

199 3817 201 3822 ,
232 3751 236 3762 '
278 3757 429 3840 copiam
446 3776 513 3838 per
537 3756 911 3840 inemendationem,
931 3765 974 3820 ut
994 3780 1085 3836 ves,
1114 3753 1285 3840 turgidum

276 3864 408 3947 prius,
431 3861 639 3924 flaccescet.
671 3860 827 3924 Transit
848 3852 990 3924 solutio
1018 3863 1143 3926 salina
1161 3881 1220 3944 per
1237 3861 1283 3916 tu·

246 3995 247 4004 ¹
275 3965 381 4052 nicae
401 3963 585 4036 arteriae,
614 3981 711 4046 aqua
740 3963 906 4044 repletae
928 3962 996 4047 d),
1017 3971 1053 4026 et
1074 3964 1208 4042 vesica,
1222 3955 1284 4018 uri·

275 4067 406 4140 naria,
425 4073 469 4127 ut
500 4065 659 4126 Peneos·
689 4070 852 4128 testatur
881 4065 945 4149 e),
970 4065 1050 4130 aiiri
1073 4067 1213 4151 quidem
1228 4102 1237 4133 ‚
1254 4059 1281 4117 ei

272 4169 389 4232 facile
407 4167 524 4230 etiam
548 4165 683 4228 urinae
704 4167 871 4240 resistit,
891 4187 1028 4252 aquam
1051 4173 1179 4232 tamen
1197 4169 1280 4227 utra·

275 4289 344 4356 que
364 4268 564 4355 superficie
577 4269 821 4336 transmittit.
845 4269 1017 4356 Denique
1032 4269 1196 4338 advertit
1209 4267 1276 4334 Mt·
