2898 4992
285 373 355 440 uso
448 363 536 429 Lus.
556 360 584 425 1.
605 325 872 423 car.‘ll’11.Dz
896 373 1158 426 uorerrrouu.

290 511 381 576 runt
398 501 447 589 (§·
469 519 525 589 70.
554 523 592 596 n.
623 501 685 594 a),
722 519 865 591 quaeve
892 501 996 568 'inter
1025 501 1130 587 ipsas
1161 507 1333 593 organici

286 592 649 692 'corporis'liquidas
670 610 708 694 et
726 605 870 672 solidas
892 609 1019 692 partes
1043 609 1207 680 obtinet.
1242 614 1335 678 Tol·

293 693 389 786 litua
409 713 512 778 euim
535 731 600 794 per
624 717 800 798 mutuam
829 712 1109 791 elementorum
1139 715 1333 792 chemico·

291 805 379 884 r'um
400 815 591 879 actionem
613 814 800 877 materiae
830 812 1067 891 differentia,
1095 823 1132 882 et
1166 817 1334 886 destrui.

292 929 355 986 tur
376 914 531 982 tandem
553 913 686 980 mistio
706 921 888 998 organica
908 916 951 994 (i.
968 919 1045 1003 56.)
1064 919 1269 994 hactenus,
1290 929 1336 986 ut

289 1017 487 1084 vitalitate
510 1015 1014 1098 minuatum'necamplius
1044 1018 1219 1082 resistere
1247 1039 1335 1102 pos-

291 1122 343 1186 sit
365 1116 574 1184 resolventi
594 1117 714 1187 setosi
731 1099 904 1181 humoris
928 1116 967 1208 νῇ
978 1106 996 1193 ,’
1012 1118 1180 1206 ipsisque
1204 1123 1338 1186 trada-

286 1223 352 1288 tu'r
372 1219 473 1286 vasis
495 1215 781 1285 recor-bentibus
804 1219 980 1308 (ipae).
1000 1219 1068 1284 His
1082 1221 1252 1298 aceedit,
1266 1217 1341 1291 aut'

288 1325 419 1412 potius
450 1324 545 1389 haec
576 1311 934 1396 comitatur,'actio
977 1319 1208 1409 dynamica,
1235 1346 1336 1412 quae

286 1428 477 1496 mater-iae
499 1431 666 1494 formam
687 1425 845 1492 adsidue
865 1419 1013 1502 mutat,
1035 1419 1237 1516 ipsamque
1265 1453 1337 1518 ap..

289 1521 525 1622 positionem
546 1537 584 1596 et
605 1530 845 1594 abl'ationer'ii
876 1527 1156 1596 molecularum
1186 1537 1338 1616 praeci-

289 1661 363 1725 pue
384 1626 557 1705 suscitat«
592 1625 927 1736 Quemadmodum
966 1625 1145 1705 colum'na
1171 1643 1339 1710 Voltane

208 1735 210 1738 ⁵
287 1767 434 1835 aquam
456 1755 494 1812 et
517 1747 616 1812 elias
634 1735 794 1812 resolvit
813 1747 1048 1814 substantias
1067 1745 1117 1833 (§·
1131 1749 1232 1837 udo.)
1245 1795 1254 1830 ,
1267 1769 1337 1833 po-

289 1853 390 1916 laria
412 1847 800 1938 prolicit‘elementa,
827 1849 1048 1938 formasque
1085 1856 1213 1918 mutat
1245 1853 1338 1917 sub-

291 1957 550 2036 stantiarum,
576 1957 634 2021 ita
653 1955 694 2020 in
716 1973 874 2038 corpore
897 1957 1103 2042 organico,
1127 1959 1193 2023 ubi
1214 1957 1340 2026 effici-

183 2061 186 2072 ’
293 2063 399 2128 entia
422 2062 554 2125 eadem
579 2059 764 2124 continuo
787 2059 1013 2147 suscitatur,
1032 2055 1220 2148 perpetua
1239 2064 1340 2129 acci.

292 2167 381 2232 dere
402 2165 514 2230 debet
533 2167 812 2230 elementorum
837 2165 1035 2230 conversio
1058 2173 1096 2232 et
1118 2167 1340 2240 formarum

292 2270 530 2356 permutatio
554 2268 605 2350 (ς.
630 2271 741 2355 235).
760 2271 882 2354 Auget
898 2271 1008 2352 polus
1036 2289 1071 2351 4
1099 2261 1342 2336 contractiva

291 2391 361 2438 sua
381 2373 529 2436 virtute
551 2369 822 2435 cohaesionem
842 2372 1056 2459 materiae,
1078 2371 1229 2460 ipsique
1253 2371 1339 2456 opi-

290 2475 441 2539 tuletur
459 2471 719 2558 appositioni,
743 2491 827 2538 cum
845 2491 919 2556 p·-
931 2473 971 2538 vi
982 2477 1192 2559 expansiva
1202 2478 1341 2542 cohae-

289 2579 441 2670 sionem
462 2561 592 2654 tollit,
624 2572 927 2641 destructionem
955 2595 1104 2641 massae
1136 2583 1344 2663 organicae

291 2679 459 2748 suscitat
477 2667 658 2759 a).'Dum
679 2677 774 2742 haec
799 2677 993 2763 contingit
1016 2677 1118 2744 actio
1146 2679 1341 2756 electrina,

293 2782 537 2848 substantiae
559 2803 648 2858 eae,
674 2801 770 2866 quac
793 2781 835 2845 in
861 2779 1077 2846 densiorem
1097 2783 1240 2847 abeunt
1259 2783 1343 2848 for-

169 2913 176 2923 ·
296 2907 424 2964 mam,
447 2888 584 2956 caloris
603 2889 833 2952 minuuntur
856 2887 1093 2970 capacitate,
1120 2887 1342 2970 etvprolici·

294 3001 357 3060 tur
382 2993 486 3057 calor
504 2993 604 3058 liber
625 2987 678 3076 (i.
702 2993 820 3076 een),
845 3011 918 3076 quo
945 2989 1250 3076 particularum,
1270 3012 1342 3074 per

293 3113 426 3162 causas
449 3101 683 3160 memoratas
705 3112 996 3171 conversarum,
1018 3102 1179 3180 augetur
1195 3114 1341 3177 expan-

294 3199 376 3280 sio,
392 3185 435 3265 'et
451 3200 723 3291 ‘destructionis
753 3204 999 3284 promovetur
1020 3221 1231 3284 processus.
1256 3203 1344 3284 Qua

295 3311 424 3369 autem
441 3307 593 3370 ratione
613 3311 788 3369 externus
806 3307 910 3370 calor
929 3299 1117 3372 materiae
1136 3307 1345 3390 organicae

294 3411 621 3496 permutationem
643 3415 800 3493 augeat,
823 3407 969 3472 dictum
990 3405 1150 3494 (paup)
1170 3405 1250 3495 jam
1274 3415 1346 3474 est.

300 3533 303 3540 ’
377 3533 415 3598 si
444 3537 574 3598 autem
604 3537 793 3624 remotam
824 3529 1099 3596 destructionis
1126 3537 1345 3596 scrutemur

297 3627 473 3715 causam,
505 3640 698 3724 duplicem
728 3662 805 3704 esse
838 3637 1112 3722 comperimuse
1142 3639 1344 3724 energi-

297 3737 370 3810 am
409 3741 624 3808 vitalem
663 3743 970 3828 organorum
1014 3749 1060 3806 et
1096 3741 1346 3806 nutritio·

296 3834 408 3913 irem
440 3845 611 3932 ipsam.
643 3845 874 3913 Functiones
907 3846 1012 3911 vitae
1042 3865 1127 3910 cum
1150 3847 1347 3912 materiae

298 3947 498 4036 organicae
528 3947 838 4032 metamorphosi
873 3949 959 4030 pari
997 3945 1171 4012 incedere
1204 3969 1338 4032 passu,

295 4045 414 4137 paulo
435 4057 525 4116 ante
546 4047 604 4136 (t.
624 4057 733 4140 lor.)
761 4048 1007 4134 repetiimus,
1029 4051 1066 4114 et
1093 4051 1350 4120 confirmatur

298 4170 367 4240 per
390 4151 677 4218 observationes
696 4155 899 4239 plurimas.
924 4153 1005 4238 Quo
1028 4153 1131 4218 enim
1154 4155 1349 4224 intensior

303 4260 519 4348 generatim
546 4260 602 4325 'est
631 4261 747 4338 vite,
777 4263 888 4326 tanto
915 4257 1039 4344 major
1071 4260 1261 4326 materiae
1292 4261 1349 4323 est

1258 4379 1349 4429 con·
