2922 4996
215 387 325 452 sicr.
341 381 389 460 11.
409 381 470 448 Ds
492 349 612 446 cersi
625 392 806 444 ronnas.
823 379 862 446 V.
889 395 1041 453 currus.
1117 395 1178 480 ¹⁶3

133 551 179 598 aa
207 525 392 596 recreatio
416 529 455 588 et
479 527 591 608 grata
618 521 803 586 secundae
827 523 1064 594 valetudinis
1090 557 1172 604 sen.

133 633 235 699 satio
256 628 312 714 (§·
331 637 403 710 283·
424 647 461 692 n·
483 627 547 708 5·)
568 625 690 708 repeti
719 625 874 697 debent.
915 635 979 698 liis
1009 639 1174 730 denique

134 734 305 811 accedit,
326 731 428 820 quod
464 731 655 812 collapsae
685 737 800 796 antes
821 734 999 804 intestini
1018 747 1175 815 tunicae

13 851 14 856 ’
131 859 200 924 per
221 839 403 922 cbymum
437 832 670 910 tendantur,
692 831 850 918 ipsaque
880 839 1012 908 ductus
1047 849 1176 916 chole-

136 944 252 1010 ‹loohi
276 939 326 1024 (§.
347 939 444 1025 291.)
467 945 504 1002 et
524 941 761 1020 pancreatici
783 939 833 1022 (a.
853 949 952 1030 298.)
981 951 1080 1016 ostia
1110 977 1176 1040 pa.

135 1043 221 1108 tula
241 1041 473 1114 reddantur,
490 1040 659 1124 bilisque
682 1045 720 1104 et
737 1048 1000 1122 panrreaticus
1022 1053 1178 1138 humor,

137 1164 302 1232 quorum
333 1144 494 1209 secretio
519 1163 586 1227 par
607 1142 772 1208 duodeni
794 1147 1054 1220 irritationem
1082 1170 1180 1227 cete-

138 1250 279 1335 roquin
297 1253 460 1332 augetur
481 1245 562 1329 (ii.
586 1265 658 1328 295·
681 1265 763 1328 300·
782 1252 822 1335 ),
851 1255 943 1316 tubo
970 1258 1179 1328 alimenta-

137 1355 198 1418 rio
233 1351 389 1416 infundi
417 1349 534 1414 facile
561 1349 724 1432 possint.
766 1353 864 1438 Quia
894 1378 983 1422 vero
1018 1369 1179 1434 secretio

13 1469 14 1524 ἕ
137 1455 231 1526 bilis
250 1451 459 1538 (quatenus
472 1451 708 1534 phlogistica
720 1455 864 1520 minuit
882 1464 920 1522 at
932 1461 1181 1548 oxygonium,

13 1583 14 1630 ξ
139 1552 410 1622 irritabilitati
432 1551 714 1618 conservandae
743 1575 894 1622 summe
923 1569 1182 1652 necessarium

13 1663 14 1672 ²
133 1643 194 1745 ’(ς.
212 1671 285 1736 214.
307 1678 344 1720 n.
365 1657 418 1742 1.)
445 1659 797 1742 auget),magnam
822 1663 941 1730 babet
963 1668 1003 1732 in
1026 1673 1183 1740 univer·

13 1763 14 1828 l
140 1775 228 1832 sum
248 1781 385 1846 corpus
404 1759 633 1826 relationem
657 1762 719 1844 (ς.
740 1767 813 1848 296.
828 1765 861 1853 ),
883 1771 1026 1838 virium
1049 1797 1184 1860 corpo-

141 1861 296 1934 iearum
329 1869 366 1926 et
393 1861 624 1926 mentalium
652 1867 916 1946 restauratio,
945 1893 1042 1958 quae
1076 1877 1185 1946 debi-

141 1975 227 2036 tam
248 1967 420 2052 sequitur
444 1965 717 2048 digestionem,
739 1973 853 2053 atque
875 1974 1079 2040 universae
1100 1983 1186 2046 ani·

141 2070 258 2138 malis
287 2069 534 2133 oeconomiae
558 2067 822 2150 perturbatio,
848 2091 1051 2158 perversae
1078 2081 1183 2174 dige-

13 2205 15 2250 ς
142 2173 283 2242 ationis
303 2169 488 2248 effectus,
508 2170 623 2234 facila
654 2169 941 2256 intelliguntur.

229 2336 396 2402 suscitet
416 2334 602 2418 cbymus,
625 2329 800 2398 acidulae
827 2337 970 2406 indolis
994 2345 1047 2424 (ς.
1068 2351 1186 2436 aga),

126 2432 290 2508 ‘novam
307 2437 347 2500 in
368 2434 479 2498 tenui
492 2432 676 2498 intestino
696 2432 858 2502 vitalem
878 2444 1186 2534 actionemque,

148 2546 183 2612 si
204 2544 401 2628 quantitas
429 2547 467 2606 et
498 2540 666 2627 qualitas
691 2545 919 2625 positiva.et
942 2551 1110 2620 relativa
1138 2559 1186 2640 (§.

98 2715 106 2736 ,
145 2649 224 2736 ⁷1·)
247 2647 374 2712 debite
401 2666 440 2710 se
462 2645 692 2724 habuerint,
714 2647 795 2730 ipse
816 2667 884 2750 pr'o
915 2661 1025 2734 parte
1056 2661 1189 2744 aliqua

147 2753 209 2818 ita
226 2755 419 2824 mutatur,
442 2754 484 2812 ut
505 2748 626 2812 relate
648 2747 694 2811 ad
723 2751 863 2814 tubum
895 2753 1189 2830 alimentarium

123 2863 127 2876 '
145 2851 376 2922 indifferens
403 2851 585 2919 reddatur
606 2853 659 2936 (ς.
679 2855 763 2942 69.)
775 2895 785 2929 ,
808 2855 1064 2927 adsimilatur.
1099 2867 1188 2934 Pars

147 2939 289 3044 nemp'a
312 2959 443 3044 aliqua
461 2957 503 3022 in
521 2959 576 3020 ch
591 2959 677 3040 ylu
692 2977 727 3020 m
754 2959 946 3039 vertitur,
969 2959 1053 3028 curn'
1081 2969 1161 3034 alie
1174 3015 1187 3048 ,

144 3083 217 3150 per
237 3061 419 3128 intestini
436 3061 537 3126 virae
566 3058 671 3124 haud
694 3061 927 3142 superanda,
949 3063 990 3128 in
1019 3087 1197 3139 crassum

146 3169 401 3252 promovetur
428 3161 688 3237 intestinum,
712 3183 730 3226 a
753 3181 910 3244 corpore
941 3173 1189 3240 excernenda.

149 3266 354 3332 Concurrit
372 3271 499 3330 autem
512 3262 560 3326 ad
578 3264 677 3328 hanc
698 3267 962 3348 operationem
975 3275 1075 3340 actio
1095 3297 1207 3366 quo·-.
1232 3313 1237 3324 ·

152 3393 226 3461 que
245 3369 405 3458 triplex,
428 3369 541 3436 modo
562 3368 736 3456 penitius
760 3375 1007 3458 exploranda.

597 3583 626 3657 l·
670 3593 743 3661 305·

368 3761 532 3828 Motus
566 3760 959 3844 perietalticus.

162 3993 169 4004 ,
239 3927 390 3996 Gaudet
406 3929 633 3994 muscularis
656 3930 834 3996 intestini
860 3935 994 4000 tunica
1025 3933 1076 4020 (ς.
1094 3943 1191 4028 285.)
1254 3917 1256 3922 ⁸

153 4035 304 4120 insigni
324 4032 594 4100 irritabilitate
612 4035 814 4118 organica,
840 4035 881 4100 in
908 4039 1084 4106 omnibus
1108 4045 1198 4126 pla..

155 4160 206 4218 ne
229 4137 462 4204 animalibus
484 4138 688 4220 conspicua
711 4141 763 4224 a),
786 4137 823 4202 si
847 4139 968 4222 igitur
986 4142 1099 4234 tubus
1121 4148 1194 4212 ali·

156 4245 397 4326 mentarius,
419 4239 639 4308 duodenum
667 4239 871 4326 praecipue
893 4242 1015 4324 magia
1048 4264 1195 4328 muscus

945 4343 974 4408 1.
995 4371 1015 4429 a
