2892 5004
284 377 326 454 4⁶
386 366 511 436 L1e.1.
523 368 615 432 cer.
627 363 657 428 Ι.
675 363 735 428 De
750 375 943 430 1111111111.
955 381 1229 438 absumerent.

284 519 479 594 febribus,
491 515 789 582 ¹inflammentur
801 559 812 592 ,
824 518 1006 598 potenter
1028 513 1229 596 tumeant,
1243 539 1338 604 ευρ·

285 632 427 713 purant
442 609 510 714 ¹uel
529 637 687 704 aegrum
707 613 907 684 suffocent.
937 618 1129 684 Minuitur
1148 644 1238 688 vero
1257 625 1337 688 hu·
1395 689 1399 695 ,

283 721 405 798 mdris
436 723 597 797 secretio
627 721 827 804 sanguinis
853 727 892 784 et
922 723 1089 787 aliorum
1122 725 1334 792 humorum

284 827 459 910 defectu,
491 825 581 890 aliis
612 817 898 889 excretionibus
927 827 1079 900 auctis,
1114 833 1152 891 et
1182 829 1334 893 accidit

283 935 408 1010 idem,
431 933 501 996 ubi
521 931 687 994 arteriae
707 933 747 992 et
760 927 871 993 nervi
890 927 1162 1010 glandularum
1184 931 1333 998 saliva-

283 1038 383 1102 lium
404 1036 579 1101 morbose
600 1033 830 1110 irritantur3
852 1029 942 1094 inde
973 1032 1094 1095 etiam
1120 1039 1200 1110 est,
1226 1035 1332 1120 quod

282 1139 326 1206 in
354 1141 528 1205 febribus
560 1140 695 1204 variae
727 1137 871 1202 indolis
900 1137 1056 1222 quaevis
1089 1139 1165 1202 oris
1196 1149 1330 1224 partes

283 1248 447 1316 molesta
477 1239 710 1312 adlicientur
735 1241 923 1322 siccitate.
954 1242 1010 1305 Ab
1039 1241 1178 1308 iisdem
1200 1247 1331 1312 causis

216 1357 221 1370 “
283 1347 408 1413 saliva
444 1343 649 1428 depravari
688 1345 808 1408 etiam
840 1348 992 1426 potest,
1015 1341 1116 1430 quod
1146 1365 1170 1408 a
1201 1349 1331 1414 causis

280 1451 476 1538 psychicis
497 1439 775 1534 nonnunquam
796 1447 995 1529 accidere,
1015 1455 1060 1514 ut
1078 1452 1251 1534 superius
1272 1451 1329 1538 (ς.

282 1557 336 1627 68.
356 1558 398 1644 a)
418 1553 609 1632 diximus,
631 1553 837 1636 praecipue
856 1553 966 1618 solet.
1005 1643 1008 1650 Ι
1133 1587 1136 1598 ‚

288 1805 292 1814 ¹
365 1722 458 1788 Cum
479 1719 601 1804 igitur
620 1719 753 1784 variae
784 1719 865 1786 sint
890 1740 1057 1810 causae„
1073 1721 1330 1788 secretionem

226 1861 230 1871 ·
281 1823 384 1888 hanc
423 1829 605 1906 augentes
639 1829 706 1888 aut
736 1823 983 1904 minuentes,
1007 1825 1155 1892 salivae
1193 1824 1329 1909 copia,

283 1914 382 2014 'quae
415 1927 522 1992 intra
546 1931 698 2009 tempus
729 1933 875 1991 certum
898 1929 940 1992 in
967 1927 1127 1992 homine
1148 1947 1240 2018 sano
1268 1947 1330 1991 se-

281 2035 483 2102 cernatur,
505 2026 757 2092 determinari
775 2047 853 2091 non
872 2031 1010 2110 potest.
1034 2031 1121 2092 Ant.
1139 2027 1240 2091 Noun
1255 2027 1330 2090 hu-

280 2134 402 2200 moris
426 2121 707 2218 quantitatem,
732 2151 827 2218 quae
846 2141 887 2207 24
904 2132 1090 2197 horarum
1119 2132 1248 2216 spatio
1268 2133 1325 2196 ef-

279 2237 480 2313 funditur,
503 2234 610 2301 ad-le
631 2236 815 2300 aestimat
835 2237 989 2314 uncias;
1012 2237 1085 2304 alii
1103 2259 1193 2302 vero
1213 2237 1331 2322 longe

279 2339 468 2424 majorem
490 2339 735 2404 evulneratis
757 2337 936 2403 ductibus
959 2339 1187 2406 salivalibus
1207 2339 1330 2416 fluere

279 2445 464 2511 viderunt
495 2442 662 2526 copiam.
682 2441 732 2505 ·A
751 2441 1042 2506 mercurialium
1072 2435 1330 2532 usu'ptyalis·

281 2568 367 2614 mus
391 2566 500 2629 saepe
521 2545 717 2632 sequitur,
742 2562 815 2629 quo
835 2546 965 2626 plures
985 2545 1105 2610 etiam
1125 2546 1250 2610 librae
1280 2546 1328 2611 de

163 2688 166 2706 ·
286 2653 414 2720 saliva
445 2653 552 2716 intra
582 2649 742 2714 unicum
769 2647 983 2730 perduntur
1013 2651 1117 2715 diem
1149 2653 1204 2738 c).
1244 2653 1328 2732 Etsi

156 2849 159 2858 1
205 2805 209 2816 r
281 2757 360 2822 ista
394 2755 443 2820 ad
467 2755 695 2819 abnormem
715 2752 934 2834 pertineant
963 2760 1131 2829 statum,
1155 2755 1195 2819 in
1226 2774 1322 2819 sano

277 2853 397 2927 etiam
420 2860 581 2925 homine
602 2857 795 2940 insignem
816 2877 896 2921 esse
916 2857 1046 2923 c'redas
1068 2852 1243 2925 humoris
1265 2880 1325 2924 co·

278 2951 408 3054 piam,
432 2985 527 3050 quae
544 2982 612 3046 per
632 2959 815 3060 salivales
834 2967 995 3044 paratur
1014 2962 1230 3047 glandulas.

287 3171 291 3178 ·
362 3127 542 3195 chemica
560 3124 704 3191 salivae
726 3107 922 3212 analpsis,
946 3127 1043 3191 olim
1077 3127 1156 3208 jem
1187 3147 1210 3192 a
1236 3128 1326 3212 plu·

274 3231 385 3304 'ribus
404 3235 559 3298 tentata
578 3228 638 3317 d),
662 3248 758 3313 aque
778 3229 863 3292 cell.
893 3230 1119 3294 recentioris
1145 3230 1233 3294 aevi
1262 3231 1325 3296 vi·

279 3340 333 3406 rie
351 3337 519 3420 repetita
538 3335 594 3417 e),
616 3340 848 3398 nontamen
868 3333 963 3414 sat-ie
991 3333 1115 3398 adhuc
1136 3336 1324 3418 perfecta,

276 3435 480 3527 sequentia
499 3437 631 3502 docet:
655 3440 712 3500 est
732 3435 805 3498 iste
825 3433 966 3498 humor
986 3437 1028 3499 in
1050 3457 1144 3502 sano
1162 3437 1325 3528 homine

276 3544 419 3612 nullius
439 3540 610 3626 saporis,
632 3557 771 3621 parum
790 3537 947 3619 majoris
976 3558 1018 3601 ac
1049 3559 1148 3625 aqua
1167 3541 1320 3624 specifi-

277 3650 314 3716 ei
332 3648 512 3731 ponderis
523 3687 534 3721 ,
548 3661 711 3729 aquosus
733 3648 771 3738 et
792 3641 910 3704 simul
930 3643 1114 3707 nonnihil
1133 3645 1320 3721 viscosus,

276 3751 360 3824 aine
380 3754 502 3816 colore
523 3754 562 3836 et
581 3745 717 3830 odore,
741 3745 790 3808 ab
810 3745 897 3808 aiire
917 3744 1082 3810 admisto
1105 3765 1320 3829 spumosus.

276 3861 370 3922 Cum
392 3855 487 3922 oleis
509 3848 717 3934 pinguibus
738 3869 817 3912 non
838 3850 952 3914 facile
975 3847 1131 3928 unitur3
1155 3852 1317 3919 tritura·

276 3968 320 4026 ta
343 3971 541 4022 varocum
571 3969 671 4035 aqua
697 3951 821 4014 saliva
849 3952 912 4014 ita·
928 3953 1158 4027 resolvitur,
1181 3961 1225 4020 ut
1254 3955 1320 4022 fil.

274 4069 381 4127 trum
409 4073 557 4142 quoque
587 4053 771 4132 trajiciat.
802 4055 977 4119 Attrahit
1006 4057 1240 4140 exygenium
1271 4079 1319 4124 ex

274 4168 386 4240 aere,
419 4178 494 4244 quo
527 4157 707 4221 albumen
736 4157 815 4230 eius
851 4157 891 4220 in
922 4155 1086 4220 solidam
1127 4159 1314 4226 densatur

273 4281 442 4334 messam
468 4261 526 4348 ὓς
552 4267 591 4328 et
614 4257 780 4326 dimittit
814 4257 913 4324 illud
942 4259 1060 4328 facile
1084 4261 1127 4332 in
1157 4282 1321 4348 corpora
