2898 4992
248 372 315 447 κε
414 362 503 428 ιη.
521 363 550 428 1.
570 367 662 432 car.
679 365 757 436 vn.
774 371 833 436 D!
854 383 1120 442 normaton.

243 511 443 586 anfertnr3
465 509 594 586 alind,
611 512 709 598 qnod
729 514 898 582 formam
923 521 1068 603 recipit
1099 518 1293 599 solidam,

243 629 389 696 perque
409 616 615 678 materiam
635 620 884 702 organicam,
908 623 969 686 cui
995 624 1181 688 adsimile
1210 633 1293 704 est,

96 701 106 717 ”
149 785 152 790 Γ
219 717 470 782 ‘attrahitur
496 721 595 782 Haec
613 729 743 786 autem
765 728 1091 810 metamorphosis
1110 735 1295 814 perennia

247 829 330 899 est,
350 827 396 885 ut
415 821 511 884 adeo
522 869 532 900 ‚
552 823 644 888 licet
664 826 707 889 in
726 825 890 893 diversis
907 831 1085 912 partibas
1104 841 1145 897 et
1165 835 1294 900 diver·

244 945 288 988 eo
306 925 412 988 vitae
426 930 607 1009 ,tempore
628 929 740 993 varia
763 933 950 1013 procedat
969 935 1187 1017 celeritate,
1205 941 1294 1004 nul·

245 1028 290 1091 la
308 1027 478 1109 corporis
502 1032 687 1096 animalia
707 1055 816 1118 pars,
844 1037 879 1100 si
899 1040 1069 1103 materia
1097 1040 1178 1124 ejus
1205 1063 1293 1127 ape·

246 1136 399 1194 cientur
421 1138 460 1196 et
479 1133 599 1211 vires,
618 1136 682 1200 vel
702 1147 903 1205 momento
919 1141 964 1204 in
984 1141 1119 1208 eodem
1140 1166 1295 1231 perma-

247 1244 342 1304 neat
362 1244 479 1302 statu.

241 1469 246 1481 Ι
350 1403 384 1466 ⁰)
401 1400 508 1454 mum
524 1398 618 1460 Areh.
634 1397 658 1458 f.
672 1396 703 1452 d.
722 1399 811 1472 Phys.
827 1400 853 1463 L
868 1403 904 1458 B.
921 1418 948 1458 1.
961 1405 1000 1458 Η.
1016 1424 1048 1480 p.
1063 1421 1110 1478 71.

350 1535 411 1603 u)
430 1533 599 1588 HALLEB:
615 1535 710 1590 Elem.
734 1535 864 1607 physiol.
879 1535 961 1596 VIII.
976 1536 1014 1599 Ρ.
1029 1551 1058 1599 2.
1073 1557 1105 1611 p.
1120 1539 1166 1596 62.
1194 1541 1227 1617 §.
1247 1543 1278 1604 ⁶.

348 1661 382 1728 a)
400 1659 451 1712 Er.
467 1658 659 1715 uasswlu’s
689 1659 853 1715 Zoonomie
868 1661 965 1715 L'Tlr.
982 1676 1013 1718 2.
1025 1661 1116 1719 Abu.
1124 1683 1156 1738 p·
1164 1666 1232 1738 ³7⁴⁴
1245 1683 1294 1744 eq.

348 1789 384 1858 b)
402 1789 490 1843 um
503 1791 525 1844 l.
542 1807 569 1844 c.
585 1807 617 1864 p.
635 1791 721 1850 θῦν·
732 1794 762 1859 c)
782 1791 857 1852 ibid.
874 1811 907 1864 p.
929 1795 975 1866 67.

348 1917 383 1988 d)
401 1917 587 1972 annuum:
603 1917 732 1981 vermi.
749 1916 781 1976 d.
804 1919 1013 1976 Lebenalcraft.
1030 1941 1062 1996 p.
1079 1937 1124 1990 71.
1142 1925 1172 2001 §.
1189 1939 1292 2004 tpaq.

238 2087 242 2096 Ι
350 2011 381 2076 e)
400 2007 472 2060 iim.
496 2005 690 2062 foetuum
713 2007 883 2080 quotation.
911 2008 1042 2086 phyoiol.
1064 2013 1138 2070 libri
1161 2013 1234 2074 duo.
1260 2035 1292 2094 p.

316 2112 380 2162 ιιι.
400 2114 452 2174 oq.

687 2278 719 2350 ς.
753 2282 828 2356 4⁰5·

438 2457 1101 2527 Nutritioniediccrim'en.

330 2597 485 2664 Variam
509 2621 589 2663 eece
609 2599 917 2682 reproductionis
940 2601 1137 2685 energiam
1159 2603 1201 2667 in
1232 2603 1293 2671 di-

246 2702 367 2768 versio
390 2702 654 2788 organismo,
687 2704 729 2766 in
759 2702 879 2767 variis
919 2703 1088 2781 ejusdem
1120 2709 1291 2791 corporis'

244 2811 446 2894 partibus,
460 2818 498 2874 et
518 2811 630 2876 varia
653 2809 823 2894 ejusdem
845 2810 1043 2878 individui
1062 2817 1210 2891 aetate,
1225 2836 1289 2880 eu-

244 2915 376 2998 periue
397 2913 450 2996 (ς.
470 2915 632 2998 80-82.)
656 2916 734 2996 jam
754 2918 1030 3000 praecepimus.
1054 2919 1143 2983 Pari
1170 2920 1292 2983 ratio·

244 3039 293 3086 ne
313 3021 396 3104 ipsa
418 3019 552 3085 differt
573 3021 763 3097 nutritio,
789 3027 833 3086 ut
864 3023 957 3088 adeo
991 3029 1206 3108 systemata
1233 3023 1293 3087 ‹li-

144 3171 152 3186 ,
242 3145 356 3190 versa
378 3125 561 3189 animalis
584 3125 776 3206 corporis,
796 3146 867 3208 pro
886 3127 997 3190 var'ia
1018 3126 1078 3191 eui
1110 3113 1292 3209 perfecti·

246 3247 340 3302 one,
365 3227 518 3292 diversa
537 3227 694 3310 exigant
710 3248 779 3310 pro
804 3227 863 3291 sui
886 3228 1172 3293 restauratione
1202 3251 1290 3295 san·

244 3326 377 3408 guinis
402 3329 617 3412 principia,
655 3332 784 3394 minus
822 3331 994 3412 perfecta
1020 3331 1104 3395 sola
1135 3337 1292 3396 tantum

243 3429 417 3513 gelatina
428 3471 439 3506 ‚
459 3433 692 3514 perfectiora
712 3433 935 3509 albumine,
954 3440 993 3497 et
1010 3433 1294 3518 perfectissima

244 3532 310 3598 trie
342 3539 380 3596 et
400 3535 542 3598 fibroeo
577 3536 771 3620 principio
802 3538 1041 3602 nutriantur.
1075 3538 1176 3620 Quia
1205 3559 1295 3602 vero

244 3637 379 3702 eadem
400 3640 494 3712 haec
514 3639 708 3722 principia
729 3641 882 3727 varium
911 3641 1060 3705 habent
1088 3641 1291 3722 perfectio-

244 3741 306 3806 nie
324 3741 490 3826 gradum·
514 3744 564 3825 (§.
585 3746 793 3829 99-101.)‚
825 3743 946 3818 adeo,
979 3750 1024 3808 ut
1053 3745 1227 3828 gelatina
1252 3748 1293 3809 et

245 3845 428 3911 albumen
452 3846 607 3912 facilius
619 3853 866 3932 generentur,
878 3842 1064 3912 fi'brosum
1076 3869 1168 3912 vero
1180 3847 1290 3932 prin·

242 3950 375 4036 pium,
394 3957 528 4036 utpote
551 3953 719 4016 maxime
751 3951 922 4035 perfecta
947 3951 1149 4034 sanguinis
1177 3973 1291 4034 para,

243 4058 371 4121 multo
391 4059 537 4140 majore
557 4055 699 4120 virium
721 4059 1093 4140 concentuparetur‚
1106 4063 1292 4142 systema-

238 4163 324 4226 tum
344 4161 582 4230 diversorum
603 4163 770 4228 nutritio
792 4161 947 4228 facilior
971 4169 1038 4226 aut
1059 4159 1292 4240 diffieilior.

235 4270 280 4332 ut
306 4267 545 4355 experientia
567 4269 703 4350 docet,
725 4268 879 4338 variam
904 4267 1026 4354 exigit
1051 4266 1199 4334 virium
1227 4266 1293 4336 in·
