2956 4996
294 363 457 441 sacnv.
470 367 530 434 Dr
549 387 678 440 rroors
700 391 852 449 eruens.
870 401 1084 513 reseram.
1167 421 1233 490 ³⁰5

187 506 343 580 rationo
364 509 540 580 cohiberi
562 517 678 582 tussis
698 505 1230 624 nonnunquampotestssus-

183 628 303 694 penso
334 616 475 700 quippe
520 626 628 684 motu
667 631 890 699 convulsiro
920 638 1229 732 diaphragmatie

181 717 221 778 et
242 714 478 802 reliquorum
509 725 769 792 musculorum
792 735 1088 817 respirationem
1110 758 1226 822 moli.

183 817 356 895 entium,
389 819 548 906 ipsoque
581 826 740 894 stimulo
767 831 948 904 irritante
973 846 1099 912 medio
1129 859 1227 924 tem-

181 933 274 998 pore
302 919 363 980 vel
385 920 469 984 loco
489 928 618 998 moto,
640 929 705 1010 vel
733 930 928 1002 diminuta
949 943 1028 1023 ejus
1058 955 1225 1032 relative
1299 993 1301 998 ·

184 1016 317 1102 vi·(§.
354 1036 406 1102 73.
437 1023 539 1109 1v.).
570 1027 756 1114 Mitigant
785 1039 904 1105 etiam
931 1049 1068 1116 tussim
1102 1063 1225 1144 talia,

178 1139 278 1206 quae
294 1124 607 1196 irritabilitatem
622 1141 659 1198 et
670 1140 973 1214 sensibilitatem
986 1151 1222 1250 deprimunt3

177 1225 300 1290 etiam
340 1226 493 1295 dorsum
524 1251 742 1315 percussum
773 1248 912 1312 tussim
941 1271 1221 1352 nonnunquam

179 1329 305 1404 tollit,
327 1351 446 1396 nervo
465 1329 562 1420 vago
581 1339 697 1406 facile
718 1359 922 1418 commoto.

261 1469 492 1538 Serestus
522 1477 572 1542 fit
591 1483 652 1545 vel
676 1487 754 1550 veli
773 1493 941 1572 palatini
970 1501 1075 1572 intra
1101 1511 1221 1599 respi-

175 1571 372 1638 rationem
393 1581 677 1661 commotione,
696 1589 756 1652 vel
788 1591 1089 1678 ligamentorum
1114 1616 1231 1700 glot·‘

173 1645 356 1739 tidis'aut
377 1677 549 1764 laryngis
570 1687 638 1750 suh
663 1692 923 1793 exspiratione
943 1711 1109 1780 tremula
1128 1739 1219 1788 con-

175 1778 372 1856 cussione,
396 1783 533 1866 quibus
553 1807 684 1856 mucus
706 1798 855 1866 aliaeve
877 1815 1102 1896 peregrinae
1131 1843 1215 1889 ma..

172 1881 323 1957 terias,
351 1885 529 1964 partibus
563 1889 614 1955 iis
645 1894 919 1990 adhaerentes,
942 1933 1027 1982 cum
1048 1927 1215 2010 strepitu

174 1982 346 2067 quodam
364 1985 632 2065 eliminantur.

254 2125 593 2196 sternutatio
616 2137 820 2212 vehemens
843 2156 900 2218 est
920 2163 1124 2246 respiratio
1147 2194 1215 2258 per

163 2245 292 2290 nares.
334 2229 535 2302 ‚Praecedit
574 2239 731 2320 quidam
771 2256 945 2330 pruritus
978 2265 1019 2329 in
1052 2275 1212 2366 naribus

166 2347 300 2394 sensus
315 2347 327 2408 3
345 2329 393 2394 fit
409 2333 524 2398 modo
548 2336 756 2422 inspiratio
773 2357 972 2444 maxima,
987 2374 1030 2436 ut
1051 2393 1128 2442 una
1149 2404 1212 2452 ω,

164 2437 238 2513 put
268 2438 307 2496 et
337 2433 464 2499 cervix
493 2445 703 2510 retrorsum
737 2463 926 2542 agantur3¹
950 2469 1076 2538 clauso
1107 2501 1209 2560 nuno

165 2552 231 2597 ore
251 2535 590 2607 vehementissima
609 2552 778 2620 succedit
796 2565 834 2624 et
851 2583 990 2634 sonora
1009 2594 1076 2656 per
1097 2603 1209 2655 nares

158 2638 395 2720 exspiratio,
428 2644 554 2725 capite
589 2651 732 2730 simul,
766 2663 867 2730 collo
904 2680 942 2737 et
976 2681 1059 2745 toto
1092 2703 1230 2777 saepe'

160 2757 318 2821 corpore
340 2749 556 2811 antrorsum
575 2760 742 2822 curvatis
754 2805 766 2837 ‚
789 2766 960 2858 ipsisque
987 2782 1204 2864 femoribus

159 2844 353 2918 elevatis,
385 2852 423 2910 et
462 2851 630 2922 brachiis
668 2867 804 2932 trunco
836 2871 1024 2952 adductis.
1077 2897 1227 2968 Habet'

159 2937 394 3012 sternutatio
422 2947 572 3038 aliquid
602 2961 817 3035 voluntarii

158 3049 448 3116 vehementiam
470 3055 670 3128 intendere
692 3074 760 3136 aut
778 3078 991 3169 mitigare,
1012 3097 1073 3161 vel
1093 3121 1199 3170 non·-
1263 3159 1266 3166 ,

153 3167 353 3236 nunquam
366 3155 485 3219 etiam
497 3157 574 3240 ejus
586 3171 821 3251 supprimere
833 3184 973 3258 nisum.
996 3197 1217 3284 Repetitup'

153 3252 252 3317 alias
274 3254 405 3320 cadem
427 3262 528 3327 actio
540 3305 552 3340 ,
573 3286 765 3362 quousque
787 3288 972 3360 molestus
999 3301 1107 3383 adest

152 3355 302 3430 mulus,
322 3366 486 3444 suntque
507 3371 683 3456 exempla
703 3385 998 3466 sternutationis

150 3473 210 3520 res
232 3458 311 3522 dies
339 3469 407 3526 aut
429 3484 574 3534 menses
600 3481 851 3555 continuatae
873 3499 928 3580 ³).

1126 3315 1199 3379 sti·

1007 3425 1085 3492 ¹per
1105 3415 1195 3520 plu·

234 3601 378 3667 Causae
397 3606 656 3688 phaenomeni
677 3621 789 3694 istius
803 3635 957 3709 stimuli
977 3649 1190 3730 plurimum

35 3743 43 3758 .
146 3709 472 3780 sunt,mucosam
493 3718 646 3786 narium
667 3729 839 3800 tunicam
861 3739 1060 3820 irritantes

145 3819 213 3886 per
233 3805 390 3875 modum
409 3813 615 3896 instinctus
643 3829 816 3902 violenta
838 3841 910 3909 hac
943 3851 1187 3932 actione'eli·

1070 3799 1082 3836 9
1096 3783 1188 3846 quo!

146 3910 298 3973 minare
317 3920 456 3982 natura
474 3921 626 3994 nititur.
649 3933 807 4007 Ponitur
828 3953 956 4017 autem
977 3957 1185 4056 diaphrag.
1226 3965 1229 3970 ’

143 4025 209 4074 ma
226 4013 268 4077 in
290 4023 440 4084 motum
459 4023 561 4092 hunc
581 4033 797 4109 violentum
817 4039 888 4132 pe'r¹
904 4070 1183 4158 sympathiam,

145 4129 243 4197 quae
267 4119 368 4186 inter
396 4145 557 4196 nervum
582 4137 880 4240 phrenicumet
912 4172 981 4242 par
1057 4173 1066 4188 ‘

142 4217 296 4284 obtinet
316 4222 366 4304 (ς.
387 4239 462 4320 242·
481 4229 541 4314 b).
576 4236 672 4320 Quia
689 4268 779 4314 vero
800 4253 906 4336 ipsae
928 4274 1179 4352 membranae.

187 4339 424 4422 errrossrr
440 4350 615 4439 rayner.
637 4365 737 4432 meu.
759 4375 838 4440 v01.
850 4357 922 4452 ru.
983 4395 1014 4457 u

832 2995 842 3051 ς
863 2999 1061 3061 possumus
1095 3003 1208 3070 enim
1310 3033 1313 3038 ·
