2912 5000
252 379 317 468 ³5⁶
356 375 446 442 Lu.
463 368 495 440 Ι.
516 373 607 436 cir.
628 366 687 434 Ν.
702 367 761 433 De
785 379 1202 444 secerneremur.

212 595 215 600 ,
251 523 402 588 duobus
423 521 553 604 plures
577 515 830 582 inveniantur
848 515 904 599 ⁸)·
926 515 1175 587 collocantur
1192 543 1308 592 renes

252 627 438 710 utrinque
459 623 508 687 ad
538 622 691 706 spinam
714 619 819 686 dorsi
854 625 964 686 extra
994 623 1214 706 peritonaei
1241 647 1308 692 ca·

251 751 393 806 veam,
412 731 495 805 ite,
514 733 560 791 ut
579 727 806 792 membrana
822 727 920 790 haec
950 729 1187 796 anteriorem
1214 739 1305 798 tan·

251 839 340 900 tum
360 853 495 898 eorum
520 832 667 897 vestiat
685 832 830 896 faciem
852 832 928 915 ”).
961 833 1197 899 Incumbunt
1217 857 1305 902 mu-

251 936 367 1002 sculis
387 956 523 1019 psoae,
542 940 767 998 transverso
789 933 1013 999 abdominis
1031 941 1070 999 et
1093 935 1306 1026 diaphrag-

253 1042 373 1106 matis
402 1040 670 1122 processibus,
694 1039 744 1103 ad
775 1043 952 1126 quatuor·
970 1041 1052 1105 fere
1084 1044 1306 1124 vertebras,

252 1144 358 1208 inter
388 1161 438 1207 11.
473 1141 578 1206 dorsi
608 1147 647 1205 et
677 1159 711 1224 5.
740 1142 1000 1218 lumborum,
1032 1131 1304 1225 excurrentes,

251 1245 442 1330 costisque
460 1244 552 1308 imis
581 1243 729 1308 duabus
753 1250 822 1308 eut
843 1243 970 1308 tribus
1005 1244 1241 1330 insidentes,
1264 1255 1307 1316 et

250 1351 408 1435 copioso
430 1346 545 1433 adipe
558 1348 687 1440 cincti.
708 1349 850 1420 Dexter
870 1351 1001 1411 autem
1022 1369 1091 1414 ren
1111 1351 1154 1415 in
1172 1353 1304 1418 homi.

247 1475 299 1522 ne
320 1458 403 1522 fere
421 1461 644 1523 constanter
661 1455 1032 1539 pauloinferiorem
1061 1463 1225 1542 occupat
1244 1461 1306 1525 lo-

251 1580 340 1624 cum
379 1579 497 1646 quam
526 1559 717 1634 sinister,
756 1560 912 1643 hepatis
947 1560 1051 1627 mole
1094 1560 1308 1644 depressus.

250 1663 483 1747 Magnitudo
502 1682 639 1728 renum
659 1665 702 1726 in
719 1664 852 1743 foetu,
863 1664 898 1728 si
914 1683 1002 1728 cum
1018 1665 1201 1732 universo
1223 1687 1310 1734 cer·

249 1788 344 1855 pore
366 1769 610 1840 conferatur,
630 1767 757 1845 major
781 1775 839 1833 est
870 1789 989 1855 quam
1011 1770 1053 1832 in
1077 1768 1211 1835 adulto
1235 1772 1310 1838 ho-

141 1941 152 1961 ·
251 1872 386 1950 mine3
406 1870 632 1935 inconstans
651 1877 821 1934 ceterum
843 1877 902 1938 est
923 1891 1124 1948 mensura,
1147 1873 1197 1940 eb
1218 1893 1309 1940 unc.
1392 1865 1396 1870 ’

249 1972 759 2056 aadlibr.1..Saepeunus
783 1976 908 2039 altero
941 1975 1068 2038 multo
1093 1976 1223 2040 minor
1244 1997 1306 2040 re·
1341 1995 1350 2004 ’

179 2084 185 2104 “
248 2077 413 2164 peritur.
435 2076 605 2142 Pondere
624 2077 802 2159 specifico
822 2078 921 2174 alias
943 2083 1126 2160 superant
1145 2079 1311 2165 glandu-

251 2183 312 2250 las
322 2227 335 2260 ,
353 2188 484 2266 estque
502 2181 723 2246 substantia
749 2199 883 2247 eorum
904 2181 1007 2248 inter
1027 2183 1161 2248 omnia
1182 2183 1310 2248 visce-

251 2308 298 2354 ra
326 2286 543 2356 durissima.
576 2287 691 2351 Color
722 2286 864 2350 horum
891 2305 1127 2372 organorum
1157 2285 1309 2371 pallide

250 2392 450 2466 rubellus,
479 2393 571 2472 vel,
600 2396 644 2454 ut
673 2392 921 2454 Eusrscmus
953 2391 1116 2482 innuit,
1146 2410 1309 2474 cupreus

253 2499 313 2559 est
331 2501 399 2560 aut
419 2495 563 2560 lividus
587 2495 646 2580 a).
677 2493 860 2576 Saporem
885 2499 926 2557 et
953 2493 1112 2558 odorem
1134 2495 1310 2578 produnt

252 2597 479 2676 urinosum3
499 2599 687 2662 resistunt
716 2595 916 2679 putredini
945 2594 1036 2675 diu3
1067 2595 1304 2664 indurantur

253 2701 455 2778 coctione,
484 2699 708 2764 adultorum
744 2698 950 2782 praecipue
983 2698 1217 2764 animalium
1250 2699 1308 2780 (5.

252 2805 374 2888 200.);
393 2802 659 2892 destillatione
681 2800 880 2883 copiosum
911 2795 1135 2886 largiuntur
1158 2819 1308 2867 ammo-

256 2907 368 2971 nium
388 2912 426 2971 et
446 2907 616 2970 multum
638 2903 683 2968 de
703 2907 787 2968 oleo
809 2884 1148 2988 empyreuma'tico.

339 3071 480 3158 Figura
500 3090 635 3138 renum
662 3069 849 3154 phasaelo
881 3069 1026 3134 similis
1058 3073 1141 3133 este
1164 3065 1307 3134 distin·

256 3185 428 3267 guantur
456 3178 589 3262 itaque
619 3175 737 3240 facies
769 3172 866 3237 duae
897 3165 1110 3251 convexet,
1135 3174 1310 3238 anterior

193 3299 200 3330 '
256 3295 295 3354 et
313 3285 529 3368 posterior,
548 3281 628 3347 ista
647 3281 905 3366 utplurimum
924 3285 1050 3372 magis
1074 3301 1308 3367 compresse3

194 3447 199 3454 .
256 3401 391 3472 margo
416 3393 593 3451 externus
623 3403 836 3462 convexus3
860 3404 993 3470 margo
1016 3386 1182 3452 interior
1213 3405 1306 3450 con·

258 3511 372 3557 cavus
391 3489 616 3576 (hilum),
637 3489 746 3554 velut
765 3488 892 3554 tribus
912 3487 1039 3552 curvis
1062 3487 1179 3552 lineis
1200 3505 1306 3551 com-

256 3594 430 3678 positus,
457 3599 495 3657 et
516 3591 646 3656 media
665 3597 797 3674 parte,
828 3610 905 3675 qua
922 3579 1054 3674 pelvis
1069 3591 1212 3656 renalis
1242 3609 1306 3654 ex·

205 3675 210 3690 ⁸
255 3697 415 3773 istit,et
441 3716 537 3762 vasa
556 3694 780 3780 sanguifera
807 3697 1036 3780 penetrant,
1059 3692 1165 3760 labio
1196 3699 1307 3765 ante·
1344 3733 1348 3741 ·

254 3802 359 3867 riore
386 3807 424 3866 ct
453 3799 666 3886 posteriore
700 3797 938 3878 distinctus3
965 3795 1131 3883 denique
1157 3796 1308 3860 hahent

254 3925 365 3972 renes
386 3905 484 3972 fines
509 3905 726 3990 superiores
746 3902 949 3970 crassiores
967 3905 1006 3967 et
1026 3901 1206 3978 latiores,
1235 3895 1306 3984 qui

255 4012 456 4096 propiores
476 4010 553 4076 sibi
568 4017 658 4074 sunt
676 4029 719 4074 ac
738 4008 964 4092 inferiores,
987 4008 1031 4075 in
1052 4005 1203 4096 apicem
1224 4004 1312 4070 iere

260 4120 526 4194 excurrentes,
545 4120 585 4182 et
606 4113 802 4182 tenuiores
822 4111 880 4196 h).
1032 4119 1035 4124 “
