2898 4992
461 359 575 428 secr.
597 358 625 426 1.
644 359 703 426 Dr
729 371 868 426 conns·
919 375 926 390 ·
1043 431 1051 444 ,
1118 371 1185 444 423

147 503 241 590 quin
267 502 528 588 proveniente.
568 501 771 568 Fibrarum
801 501 1075 568 muscularium
1106 499 1185 566 dis·

145 605 289 690 positio
311 601 489 668 difficilis
505 610 567 668 est
587 604 781 688 descriptu
802 606 863 690 p).
886 603 1184 668 Proficiscuntur

145 703 188 766 iu
209 703 423 786 pulmoneli
455 706 670 770 ventriculo
693 726 716 768 e
745 704 957 788 posteriore
982 710 1021 768 et
1047 703 1184 768 inferi·

121 812 211 868 'ore
230 807 401 892 margine
413 847 424 882 ‚
445 813 616 874 tortuose
640 809 960 883 circumvolutae,
980 828 1093 894 seque
1118 811 1185 874 ad·

144 909 294 992 plicant
330 911 497 996 margini
531 911 732 994 superiori.
778 913 992 974 Transeunt
1032 911 1216 996 quidem⁴

147 1009 269 1076 fibrae
293 1014 444 1100 aliquae
465 1015 507 1078 in
529 1013 717 1078 corticum
738 1013 1020 1095 ventriculum,
1041 1015 1187 1080 multae

147 1116 277 1176 temen
297 1119 405 1192 sunt,
427 1135 523 1200 quee
538 1113 641 1179 haud
662 1115 900 1190 coalescunt,
919 1121 962 1179 ut
978 1115 1075 1180 adeo
1094 1137 1185 1180 ven-

146 1211 308 1276 triculus
345 1215 471 1296 quivis
502 1236 587 1278 sues
617 1217 762 1280 habeat
793 1215 922 1280 fibras.
964 1215 1007 1278 In
1041 1215 1187 1283 extima
1296 1295 1298 1302 Ι

147 1315 381 1397 pulmonalis
424 1320 632 1384 ventriculi
670 1319 770 1383 fecie
814 1319 934 1384 fibrae
975 1319 1186 1402 plurimum

147 1426 237 1485 sunt
254 1403 773 1496 trensversae‚musculorum
793 1423 1088 1487 constrictorum
1107 1442 1194 1485 mu·-⁸

145 1543 216 1588 nus
237 1525 452 1610 fungentes.
476 1528 652 1590 Ceterum
674 1525 856 1590 differunt
878 1547 901 1589 a
925 1525 1076 1590 sinistri
1097 1528 1189 1588 ven·

147 1625 281 1690 triculi
309 1627 439 1705 fibris,
472 1627 574 1713 quod
601 1629 722 1704 latas,
752 1633 908 1702 tenues,
935 1628 999 1691 vix
1028 1627 1190 1691 extrica·

149 1727 269 1806 biles,
295 1729 469 1794 diversae
486 1729 632 1814 figurae
655 1735 692 1793 et
716 1729 998 1814 magnitudinis
1020 1729 1190 1792 forment

148 1831 283 1908 strias,
307 1853 459 1898 carnem
486 1833 595 1921 quasi
620 1831 843 1896 continuam
867 1831 1090 1896 exhibentes
1110 1833 1190 1914 ρ’).

149 1935 362 2000 ventriculi
383 1933 521 1999 eortioi
544 1940 674 1998 autem
692 1933 813 1998 fibrae
833 1939 973 2000 teretes
994 1934 1123 2018 potius
1149 1939 1188 1996 et

152 2053 297 2098 crassos
328 2036 567 2100 constituunt
592 2035 817 2110 fasciculos,
837 2035 1061 2099 interstitiis
1094 2034 1189 2098 setis
1302 2025 1304 2032 ’

152 2137 316 2219 amplis,
336 2143 445 2206 textu
465 2136 645 2200 celluloso
673 2119 810 2220 pin'gui
831 2141 869 2200 et
889 2137 989 2203 rasis
1019 2137 1193 2210 refertis,

150 2245 358 2323 separatos.
379 2240 489 2304 Color
505 2238 714 2304 ventriculi
733 2237 859 2303 dextri
876 2240 1102 2321 profundior
1125 2245 1194 2316 oste

154 2343 269 2408 citius
302 2361 449 2428 quoque
471 2341 512 2406 in
535 2341 715 2406 cadavere
748 2343 936 2426 putrescit
964 2363 1077 2427 quam
1099 2341 1193 2407 sini·

58 2427 62 2438 ’
154 2451 255 2522 ster,
277 2444 341 2528 qui
365 2443 501 2509 laetius
531 2445 653 2508 rubet.
688 2442 856 2508 Maxima
887 2444 1193 2524 ventriculorum

152 2567 242 2630 pars
262 2546 365 2610 intus
388 2544 601 2632 inaequalis
631 2549 707 2624 est,
728 2551 766 2608 et
786 2543 1031 2620 musculosis,
1055 2545 1192 2611 tereti-

151 2647 222 2712 bus
246 2647 421 2724 lacertis,
442 2667 506 2712 seu
526 2645 818 2712 trabeculis
843 2645 1041 2712 carneis
1060 2647 1192 2714 variae

154 2753 409 2840 longitudinis
433 2759 471 2818 et
492 2752 680 2819 crassitiei
701 2749 947 2835 implicatur;
968 2753 1194 2838 relinquunt

155 2875 318 2923 carneae
358 2858 431 2940 hae
467 2855 718 2932 trabeculae,
750 2873 845 2936 quse
883 2854 992 2917 varia
1027 2854 1196 2922 invicem

156 2959 432 3044 complicantur
452 2959 602 3024 ratione
614 3003 626 3038 ,
646 2957 853 3022 intervalla
875 2959 1007 3052 varie,
1032 2965 1197 3044 suntque

157 3065 359 3132 crassiores
385 3066 426 3132 in
457 3063 589 3130 dextro
612 3103 624 3137 ,
644 3063 810 3126 minores
841 3071 878 3126 ot
913 3064 1197 3128 numerosiores

158 3165 199 3230 ln
219 3167 372 3238 sinistro
403 3164 632 3232 ventriculo.
663 3167 848 3230 Promunt
874 3155 1073 3247 praeterea
1104 3189 1196 3232 ven·

158 3269 386 3334 triculorum
408 3270 571 3354 parietes
597 3289 754 3334 carneas
772 3269 955 3354 oblongas
974 3272 1196 3352 portiones,

159 3391 252 3464 quas
284 3371 534 3452 musculos
564 3371 844 3456 pupillares
875 3371 1024 3448 dicunt,
1055 3395 1193 3461 equo.

159 3495 243 3542 rum
266 3475 483 3542 rotundatis
506 3473 674 3558 finibus2
692 3472 792 3536 file
812 3471 1052 3538 tendinea
1084 3476 1197 3560 prod-

159 3584 273 3654 eunt,
311 3597 398 3646 cum
429 3576 595 3644 valvulis
624 3594 716 3652 mox,
742 3573 921 3662 dicendis
947 3578 1197 3646 cohaerentia

162 3686 221 3776 (1)·

222 3827 435 3910 ,septum
469 3822 888 3894 ventricolarum
920 3841 1102 3888 carneum
1135 3827 1197 3890 to·

161 3935 245 3994 tum
272 3934 351 4006 est,
376 3947 541 3997 crassum
565 3950 588 3993 a
612 3929 697 3994 basi
720 3928 863 4002 oritur,
886 3925 1103 4012 sensimque
1137 3949 1200 3993 er·

158 4039 361 4100 tenuatum
391 4031 435 4098 in
467 4035 574 4116 epice
604 4032 847 4098 terminatur.
888 4031 1042 4094 Eminet
1072 4032 1196 4118 magis
1265 4033 1268 4040 ⁴

158 4141 201 4204 in
225 4141 399 4204 dextrum
418 4140 699 4219 ventriculum
719 4140 836 4228 fibras
857 4143 987 4200 temen
1005 4131 1125 4198 hebet
1150 4137 1199 4200 ab

159 4247 343 4331 retroque,
371 4241 553 4314 rectiores
585 4249 621 4310 et
649 4239 888 4314 reticulatiru
928 4235 1202 4324 complicatam
