<?xml version="1.0" encoding="UTF-8"?>
<!DOCTYPE html PUBLIC "-//W3C//DTD XHTML 1.0 Transitional//EN"
    "http://www.w3.org/TR/xhtml1/DTD/xhtml1-transitional.dtd">
<html xmlns="http://www.w3.org/1999/xhtml" xml:lang="en" lang="en">
 <head>
  <title>
</title>
<meta http-equiv="Content-Type" content="text/html;charset=utf-8" />
  <meta name='ocr-system' content='tesseract 3.04.00' />
  <meta name='ocr-capabilities' content='ocr_page ocr_carea ocr_par ocr_line ocrx_word'/>
</head>
<body>
  <div class='ocr_page' id='page_1' title='image "./physiologiamedi03lenhgoog_0085.png"; bbox 0 0 2892 5004; ppageno 0'>
   <div class='ocr_carea' id='block_1_1' title="bbox 214 339 1252 492">
    <p class='ocr_par' dir='ltr' id='par_1_1' title="bbox 214 339 1252 492">
     <span class='ocr_line' id='line_1_1' title="bbox 214 339 1252 492; baseline 0.002 -40"><span class='ocrx_word' id='word_1_1' title='bbox 214 481 216 492; x_wconf 21' lang='lat'><em>7</em></span> <span class='ocrx_word' id='word_1_2' title='bbox 293 388 337 468; x_wconf 74' lang='lat'><strong>76</strong></span> <span class='ocrx_word' id='word_1_3' title='bbox 379 387 466 459; x_wconf 76' lang='lat' dir='ltr'><strong>tn.</strong></span> <span class='ocrx_word' id='word_1_4' title='bbox 479 387 508 456; x_wconf 87' lang='lat'><strong>1.</strong></span> <span class='ocrx_word' id='word_1_5' title='bbox 521 389 612 491; x_wconf 66' lang='lat' dir='ltr'><strong>cnr.</strong></span> <span class='ocrx_word' id='word_1_6' title='bbox 631 339 677 462; x_wconf 47' lang='lat'><strong>1&#39;1</strong></span> <span class='ocrx_word' id='word_1_7' title='bbox 696 391 755 454; x_wconf 82' lang='lat' dir='ltr'><strong>De</strong></span> <span class='ocrx_word' id='word_1_8' title='bbox 774 401 975 469; x_wconf 77' lang='grc' dir='ltr'><strong>ιιιιιιιιτ.</strong></span> <span class='ocrx_word' id='word_1_9' title='bbox 989 375 1252 456; x_wconf 75' lang='lat' dir='ltr'><strong>niersrrour.</strong></span> 
     </span>
    </p>
   </div>
   <div class='ocr_carea' id='block_1_2' title="bbox 151 517 1337 652">
    <p class='ocr_par' dir='ltr' id='par_1_2' title="bbox 151 517 1337 652">
     <span class='ocr_line' id='line_1_2' title="bbox 151 517 1337 652; baseline -0.002 -54"><span class='ocrx_word' id='word_1_10' title='bbox 151 533 155 544; x_wconf 81' lang='grc'><strong>”</strong></span> <span class='ocrx_word' id='word_1_11' title='bbox 179 517 186 611; x_wconf 51' lang='grc'><strong>’,</strong></span> <span class='ocrx_word' id='word_1_12' title='bbox 288 529 426 596; x_wconf 82' lang='lat' dir='ltr'><strong>datum</strong></span> <span class='ocrx_word' id='word_1_13' title='bbox 440 535 527 652; x_wconf 75' lang='grc'><strong>“).</strong></span> <span class='ocrx_word' id='word_1_14' title='bbox 537 536 687 600; x_wconf 83' lang='lat' dir='ltr'>Debent</span> <span class='ocrx_word' id='word_1_15' title='bbox 699 535 819 619; x_wconf 88' lang='lat' dir='ltr'><strong>1g1tur</strong></span> <span class='ocrx_word' id='word_1_16' title='bbox 830 531 1065 618; x_wconf 84' lang='lat' dir='ltr'><strong>vegetabrlee</strong></span> <span class='ocrx_word' id='word_1_17' title='bbox 1078 534 1337 615; x_wconf 81' lang='lat' dir='ltr'><strong>substantiae,</strong></span> 
     </span>
    </p>
   </div>
   <div class='ocr_carea' id='block_1_3' title="bbox 180 614 1341 1338">
    <p class='ocr_par' dir='ltr' id='par_1_3' title="bbox 180 614 1334 928">
     <span class='ocr_line' id='line_1_3' title="bbox 180 614 1333 722; baseline 0.002 -24"><span class='ocrx_word' id='word_1_18' title='bbox 180 614 186 688; x_wconf 84' lang='lat'><strong>.&#39;</strong></span> <span class='ocrx_word' id='word_1_19' title='bbox 287 635 390 698; x_wconf 78' lang='lat' dir='ltr'><strong>colle</strong></span> <span class='ocrx_word' id='word_1_20' title='bbox 408 655 639 720; x_wconf 77' lang='lat' dir='ltr'><strong>praeprrmu</strong></span> <span class='ocrx_word' id='word_1_21' title='bbox 661 643 699 700; x_wconf 86' lang='lat' dir='ltr'><strong>et</strong></span> <span class='ocrx_word' id='word_1_22' title='bbox 720 637 895 721; x_wconf 77' lang='lat' dir='ltr'><strong>amylum</strong></span> <span class='ocrx_word' id='word_1_23' title='bbox 925 633 977 718; x_wconf 66' lang='lat' dir='ltr'><strong>(o</strong></span> <span class='ocrx_word' id='word_1_24' title='bbox 1008 638 1083 722; x_wconf 74' lang='lat'><strong>263.</strong></span> <span class='ocrx_word' id='word_1_25' title='bbox 1116 655 1153 701; x_wconf 90' lang='lat' dir='ltr'><strong>n.</strong></span> <span class='ocrx_word' id='word_1_26' title='bbox 1189 654 1223 718; x_wconf 80' lang='lat'><strong>3.</strong></span> <span class='ocrx_word' id='word_1_27' title='bbox 1253 638 1333 722; x_wconf 77' lang='grc'><strong>4.),</strong></span> 
     </span>
     <span class='ocr_line' id='line_1_4' title="bbox 283 741 1334 832; baseline -0.001 -26"><span class='ocrx_word' id='word_1_28' title='bbox 283 741 329 807; x_wconf 89' lang='lat' dir='ltr'><strong>in</strong></span> <span class='ocrx_word' id='word_1_29' title='bbox 350 741 564 832; x_wconf 82' lang='lat' dir='ltr'><strong>gelatinam</strong></span> <span class='ocrx_word' id='word_1_30' title='bbox 596 741 865 807; x_wconf 82' lang='lat' dir='ltr'><strong>transmutari.</strong></span> <span class='ocrx_word' id='word_1_31' title='bbox 898 741 981 824; x_wconf 79' lang='lat' dir='ltr'><strong>Qua</strong></span> <span class='ocrx_word' id='word_1_32' title='bbox 1014 745 1163 806; x_wconf 76' lang='lat' dir='ltr'><strong>autom·</strong></span> <span class='ocrx_word' id='word_1_33' title='bbox 1179 741 1334 806; x_wconf 85' lang='lat' dir='ltr'><strong>ratione</strong></span> 
     </span>
     <span class='ocr_line' id='line_1_5' title="bbox 285 807 1334 928; baseline -0.005 -18"><span class='ocrx_word' id='word_1_34' title='bbox 285 846 328 910; x_wconf 86' lang='lat' dir='ltr'><strong>id</strong></span> <span class='ocrx_word' id='word_1_35' title='bbox 349 845 871 922; x_wconf 73' lang='lat' dir='ltr'><strong>accidat‚cel.&#39;rasv1msos</strong></span> <span class='ocrx_word' id='word_1_36' title='bbox 897 845 1171 928; x_wconf 81' lang='lat' dir='ltr'><strong>experimentis</strong></span> <span class='ocrx_word' id='word_1_37' title='bbox 1185 807 1334 908; x_wconf 84' lang='lat' dir='ltr'><strong>diluci-</strong></span> 
     </span>
    </p>

    <p class='ocr_par' dir='ltr' id='par_1_4' title="bbox 283 948 1341 1338">
     <span class='ocr_line' id='line_1_6' title="bbox 283 948 1334 1034; baseline -0.001 -22"><span class='ocrx_word' id='word_1_38' title='bbox 283 949 376 1016; x_wconf 72' lang='lat' dir='ltr'><strong>rlare</strong></span> <span class='ocrx_word' id='word_1_39' title='bbox 399 950 563 1032; x_wconf 82' lang='lat' dir='ltr'><strong>sategit,</strong></span> <span class='ocrx_word' id='word_1_40' title='bbox 587 949 725 1034; x_wconf 84' lang='lat' dir='ltr'><strong>quibus</strong></span> <span class='ocrx_word' id='word_1_41' title='bbox 745 949 1057 1014; x_wconf 84' lang='lat' dir='ltr'><strong>observationem</strong></span> <span class='ocrx_word' id='word_1_42' title='bbox 1072 967 1095 1010; x_wconf 85' lang='lat' dir='ltr'><strong>a</strong></span> <span class='ocrx_word' id='word_1_43' title='bbox 1114 948 1334 1016; x_wconf 70' lang='lat' dir='ltr'><strong>Herceum·</strong></span> 
     </span>
     <span class='ocr_line' id='line_1_7' title="bbox 287 1049 1333 1135; baseline 0 -23"><span class='ocrx_word' id='word_1_44' title='bbox 287 1053 436 1122; x_wconf 76' lang='lat' dir='ltr'><strong>factam</strong></span> <span class='ocrx_word' id='word_1_45' title='bbox 457 1052 523 1135; x_wconf 90' lang='lat' dir='ltr'><strong>a),</strong></span> <span class='ocrx_word' id='word_1_46' title='bbox 543 1053 724 1115; x_wconf 81' lang='lat' dir='ltr'><strong>albumen</strong></span> <span class='ocrx_word' id='word_1_47' title='bbox 745 1072 813 1134; x_wconf 87' lang='lat' dir='ltr'><strong>per</strong></span> <span class='ocrx_word' id='word_1_48' title='bbox 833 1050 986 1114; x_wconf 88' lang='lat' dir='ltr'><strong>acidum</strong></span> <span class='ocrx_word' id='word_1_49' title='bbox 1009 1050 1196 1115; x_wconf 87' lang='lat' dir='ltr'><strong>uitricum</strong></span> <span class='ocrx_word' id='word_1_50' title='bbox 1229 1049 1333 1112; x_wconf 86' lang='lat' dir='ltr'><strong>dilu-</strong></span> 
     </span>
     <span class='ocr_line' id='line_1_8' title="bbox 285 1151 1341 1238; baseline -0.004 -20"><span class='ocrx_word' id='word_1_51' title='bbox 285 1160 372 1218; x_wconf 85' lang='lat' dir='ltr'><strong>tum</strong></span> <span class='ocrx_word' id='word_1_52' title='bbox 393 1155 435 1218; x_wconf 88' lang='lat' dir='ltr'><strong>in</strong></span> <span class='ocrx_word' id='word_1_53' title='bbox 451 1155 668 1238; x_wconf 57' lang='lat' dir='ltr'><strong>‘gelatinem</strong></span> <span class='ocrx_word' id='word_1_54' title='bbox 689 1153 834 1222; x_wconf 85' lang='lat' dir='ltr'><strong>mutari</strong></span> <span class='ocrx_word' id='word_1_55' title='bbox 855 1158 907 1234; x_wconf 68' lang='lat'><strong>(5.</strong></span> <span class='ocrx_word' id='word_1_56' title='bbox 933 1155 1050 1238; x_wconf 75' lang='lat' dir='ltr'><strong>roo),</strong></span> <span class='ocrx_word' id='word_1_57' title='bbox 1082 1151 1341 1216; x_wconf 80' lang='lat' dir='ltr'><strong>confirmavit</strong></span> 
     </span>
     <span class='ocr_line' id='line_1_9' title="bbox 287 1255 1334 1338; baseline -0.003 -18"><span class='ocrx_word' id='word_1_58' title='bbox 287 1263 326 1322; x_wconf 87' lang='lat' dir='ltr'><strong>et</strong></span> <span class='ocrx_word' id='word_1_59' title='bbox 348 1255 506 1323; x_wconf 78' lang='lat' dir='ltr'><strong>uberius</strong></span> <span class='ocrx_word' id='word_1_60' title='bbox 527 1256 755 1320; x_wconf 83' lang='lat' dir='ltr'><strong>illustravit.</strong></span> <span class='ocrx_word' id='word_1_61' title='bbox 771 1257 971 1338; x_wconf 81' lang='lat' dir='ltr'><strong>¹Comperit</strong></span> <span class='ocrx_word' id='word_1_62' title='bbox 984 1261 1134 1328; x_wconf 89' lang='lat' dir='ltr'><strong>autem,</strong></span> <span class='ocrx_word' id='word_1_63' title='bbox 1155 1255 1255 1338; x_wconf 89' lang='lat' dir='ltr'><strong>quod</strong></span> <span class='ocrx_word' id='word_1_64' title='bbox 1276 1256 1334 1317; x_wconf 87' lang='lat' dir='ltr'><strong>al·</strong></span> 
     </span>
    </p>
   </div>
   <div class='ocr_carea' id='block_1_4' title="bbox 157 1354 1335 1442">
    <p class='ocr_par' dir='ltr' id='par_1_5' title="bbox 157 1354 1335 1442">
     <span class='ocr_line' id='line_1_10' title="bbox 157 1354 1335 1442; baseline -0.002 -20"><span class='ocrx_word' id='word_1_65' title='bbox 157 1405 161 1414; x_wconf 83' lang='lat'><em>.</em></span> <span class='ocrx_word' id='word_1_66' title='bbox 282 1360 451 1434; x_wconf 74' lang='lat' dir='ltr'><strong>humen,</strong></span> <span class='ocrx_word' id='word_1_67' title='bbox 475 1365 677 1426; x_wconf 83' lang='lat' dir='ltr'><strong>cumcerta</strong></span> <span class='ocrx_word' id='word_1_68' title='bbox 696 1357 892 1424; x_wconf 85' lang='lat' dir='ltr'><strong>acidorum</strong></span> <span class='ocrx_word' id='word_1_69' title='bbox 915 1359 1135 1442; x_wconf 85' lang='lat' dir='ltr'><strong>quantitate</strong></span> <span class='ocrx_word' id='word_1_70' title='bbox 1157 1354 1335 1437; x_wconf 85' lang='lat' dir='ltr'><strong>(acetici,</strong></span> 
     </span>
    </p>
   </div>
   <div class='ocr_carea' id='block_1_5' title="bbox 283 1459 1340 1858">
    <p class='ocr_par' dir='ltr' id='par_1_6' title="bbox 283 1459 1340 1858">
     <span class='ocr_line' id='line_1_11' title="bbox 283 1459 1335 1548; baseline -0.001 -21"><span class='ocrx_word' id='word_1_71' title='bbox 283 1461 562 1548; x_wconf 86' lang='lat' dir='ltr'><strong>phosphorici)</strong></span> <span class='ocrx_word' id='word_1_72' title='bbox 593 1469 784 1544; x_wconf 89' lang='lat' dir='ltr'><strong>nuptum,</strong></span> <span class='ocrx_word' id='word_1_73' title='bbox 816 1463 858 1524; x_wconf 91' lang='lat' dir='ltr'><strong>in</strong></span> <span class='ocrx_word' id='word_1_74' title='bbox 888 1459 1101 1544; x_wconf 84' lang='lat' dir='ltr'><strong>gelatinam</strong></span> <span class='ocrx_word' id='word_1_75' title='bbox 1131 1467 1335 1540; x_wconf 74' lang='lat' dir='ltr'><strong>vertatur3</strong></span> 
     </span>
     <span class='ocr_line' id='line_1_12' title="bbox 283 1551 1328 1651; baseline -0.001 -22"><span class='ocrx_word' id='word_1_76' title='bbox 283 1587 368 1629; x_wconf 91' lang='lat' dir='ltr'><strong>cum</strong></span> <span class='ocrx_word' id='word_1_77' title='bbox 403 1565 523 1651; x_wconf 76' lang='lat' dir='ltr'><strong>acidis</strong></span> <span class='ocrx_word' id='word_1_78' title='bbox 552 1586 643 1628; x_wconf 88' lang='lat' dir='ltr'><strong>vero</strong></span> <span class='ocrx_word' id='word_1_79' title='bbox 675 1571 712 1626; x_wconf 89' lang='lat' dir='ltr'><strong>at</strong></span> <span class='ocrx_word' id='word_1_80' title='bbox 738 1551 938 1646; x_wconf 55' lang='lat' dir='ltr'><strong>alcalibus⁸</strong></span> <span class='ocrx_word' id='word_1_81' title='bbox 962 1564 1080 1626; x_wconf 85' lang='lat' dir='ltr'><strong>simul</strong></span> <span class='ocrx_word' id='word_1_82' title='bbox 1110 1567 1328 1628; x_wconf 84' lang='lat' dir='ltr'><strong>tractatum</strong></span> 
     </span>
     <span class='ocr_line' id='line_1_13' title="bbox 283 1651 1336 1754; baseline -0.003 -22"><span class='ocrx_word' id='word_1_83' title='bbox 283 1670 327 1732; x_wconf 91' lang='lat' dir='ltr'><strong>in</strong></span> <span class='ocrx_word' id='word_1_84' title='bbox 349 1685 504 1731; x_wconf 90' lang='lat' dir='ltr'><strong>mucum</strong></span> <span class='ocrx_word' id='word_1_85' title='bbox 537 1665 676 1742; x_wconf 87' lang='lat' dir='ltr'><strong>abeat,</strong></span> <span class='ocrx_word' id='word_1_86' title='bbox 698 1671 814 1751; x_wconf 90' lang='lat' dir='ltr'><strong>atque</strong></span> <span class='ocrx_word' id='word_1_87' title='bbox 841 1665 965 1750; x_wconf 84' lang='lat' dir='ltr'><strong>magis</strong></span> <span class='ocrx_word' id='word_1_88' title='bbox 996 1651 1232 1754; x_wconf 77' lang='lat' dir='ltr'><strong>oxydatum,</strong></span> <span class='ocrx_word' id='word_1_89' title='bbox 1264 1685 1336 1748; x_wconf 86' lang='lat' dir='ltr'><strong>per</strong></span> 
     </span>
     <span class='ocr_line' id='line_1_14' title="bbox 284 1753 1340 1858; baseline 0 -22"><span class='ocrx_word' id='word_1_90' title='bbox 284 1770 414 1855; x_wconf 69' lang='lat' dir='ltr'><strong>oxyda</strong></span> <span class='ocrx_word' id='word_1_91' title='bbox 433 1769 680 1832; x_wconf 87' lang='lat' dir='ltr'><strong>metallorum</strong></span> <span class='ocrx_word' id='word_1_92' title='bbox 698 1753 930 1852; x_wconf 85' lang='lat' dir='ltr'><strong>praecipue,</strong></span> <span class='ocrx_word' id='word_1_93' title='bbox 964 1776 1154 1858; x_wconf 79' lang='lat' dir='ltr'><strong>tanquam</strong></span> <span class='ocrx_word' id='word_1_94' title='bbox 1166 1769 1340 1856; x_wconf 52' lang='lat' dir='ltr'><strong>princi-⁴</strong></span> 
     </span>
    </p>
   </div>
   <div class='ocr_carea' id='block_1_6' title="bbox 97 1871 1052 1958">
    <p class='ocr_par' dir='ltr' id='par_1_7' title="bbox 97 1871 1052 1958">
     <span class='ocr_line' id='line_1_15' title="bbox 97 1871 1052 1958; baseline 0.002 -24"><span class='ocrx_word' id='word_1_95' title='bbox 97 1875 99 1882; x_wconf 83' lang='lat'>&#39;</span> <span class='ocrx_word' id='word_1_96' title='bbox 180 1929 184 1934; x_wconf 91' lang='grc'><em>,</em></span> <span class='ocrx_word' id='word_1_97' title='bbox 281 1875 394 1958; x_wconf 85' lang='lat' dir='ltr'><strong>pium</strong></span> <span class='ocrx_word' id='word_1_98' title='bbox 414 1871 603 1936; x_wconf 82' lang='lat' dir='ltr'><strong>fibrosum</strong></span> <span class='ocrx_word' id='word_1_99' title='bbox 624 1873 902 1955; x_wconf 75' lang='lat' dir='ltr'><strong>praecipitetur</strong></span> <span class='ocrx_word' id='word_1_100' title='bbox 924 1873 988 1958; x_wconf 82' lang='lat' dir='ltr'><strong>h).</strong></span> <span class='ocrx_word' id='word_1_101' title='bbox 1048 1901 1052 1918; x_wconf 73' lang='grc' dir='ltr'><strong>ι</strong></span> 
     </span>
    </p>
   </div>
   <div class='ocr_carea' id='block_1_7' title="bbox 196 2035 1333 2724">
    <p class='ocr_par' dir='ltr' id='par_1_8' title="bbox 196 2035 1329 2427">
     <span class='ocr_line' id='line_1_16' title="bbox 365 2035 1329 2118; baseline 0.005 -20"><span class='ocrx_word' id='word_1_102' title='bbox 365 2035 450 2098; x_wconf 86' lang='lat' dir='ltr'><strong>Non</strong></span> <span class='ocrx_word' id='word_1_103' title='bbox 469 2051 670 2116; x_wconf 82' lang='lat' dir='ltr'><strong>possumus</strong></span> <span class='ocrx_word' id='word_1_104' title='bbox 690 2051 766 2098; x_wconf 89' lang='lat' dir='ltr'><strong>non</strong></span> <span class='ocrx_word' id='word_1_105' title='bbox 787 2052 1016 2118; x_wconf 79' lang='lat' dir='ltr'><strong>agnoscere,</strong></span> <span class='ocrx_word' id='word_1_106' title='bbox 1027 2035 1248 2101; x_wconf 84' lang='lat' dir='ltr'><strong>hisetaliis</strong></span> <span class='ocrx_word' id='word_1_107' title='bbox 1261 2059 1329 2103; x_wconf 86' lang='lat' dir='ltr'><strong>ex-</strong></span> 
     </span>
     <span class='ocr_line' id='line_1_17' title="bbox 282 2133 1333 2232; baseline 0.001 -30"><span class='ocrx_word' id='word_1_108' title='bbox 282 2137 514 2232; x_wconf 80' lang='lat' dir='ltr'><strong>perimentis</strong></span> <span class='ocrx_word' id='word_1_109' title='bbox 536 2133 639 2198; x_wconf 84' lang='lat' dir='ltr'><strong>succi</strong></span> <span class='ocrx_word' id='word_1_110' title='bbox 662 2135 838 2219; x_wconf 85' lang='lat' dir='ltr'><strong>gastrici</strong></span> <span class='ocrx_word' id='word_1_111' title='bbox 841 2135 1034 2201; x_wconf 80' lang='lat' dir='ltr'><strong>actionem</strong></span> <span class='ocrx_word' id='word_1_112' title='bbox 1053 2138 1222 2203; x_wconf 91' lang='lat' dir='ltr'><strong>multum</strong></span> <span class='ocrx_word' id='word_1_113' title='bbox 1241 2139 1333 2204; x_wconf 80' lang='lat' dir='ltr'><strong>iuu-</strong></span> 
     </span>
     <span class='ocr_line' id='line_1_18' title="bbox 284 2238 1328 2324; baseline 0.003 -17"><span class='ocrx_word' id='word_1_114' title='bbox 284 2242 426 2318; x_wconf 73' lang='lat' dir='ltr'><strong>strati,</strong></span> <span class='ocrx_word' id='word_1_115' title='bbox 450 2239 589 2324; x_wconf 87' lang='lat' dir='ltr'><strong>procul</strong></span> <span class='ocrx_word' id='word_1_116' title='bbox 608 2244 741 2302; x_wconf 79' lang='lat' dir='ltr'><strong>tamen</strong></span> <span class='ocrx_word' id='word_1_117' title='bbox 767 2238 898 2317; x_wconf 84' lang='lat' dir='ltr'><strong>abest,</strong></span> <span class='ocrx_word' id='word_1_118' title='bbox 922 2246 966 2305; x_wconf 88' lang='lat' dir='ltr'><strong>ut</strong></span> <span class='ocrx_word' id='word_1_119' title='bbox 993 2245 1203 2312; x_wconf 87' lang='lat' dir='ltr'><strong>ventriculi</strong></span> <span class='ocrx_word' id='word_1_120' title='bbox 1239 2246 1328 2310; x_wconf 81' lang='lat' dir='ltr'><strong>fun-</strong></span> 
     </span>
     <span class='ocr_line' id='line_1_19' title="bbox 196 2337 1331 2427; baseline 0.004 -20"><span class='ocrx_word' id='word_1_121' title='bbox 196 2376 200 2386; x_wconf 94' lang='lat'>·</span> <span class='ocrx_word' id='word_1_122' title='bbox 284 2345 453 2409; x_wconf 89' lang='lat' dir='ltr'><strong>ctionem</strong></span> <span class='ocrx_word' id='word_1_123' title='bbox 478 2363 497 2406; x_wconf 92' lang='lat' dir='ltr'><strong>e</strong></span> <span class='ocrx_word' id='word_1_124' title='bbox 518 2343 584 2404; x_wconf 77' lang='lat' dir='ltr'><strong>che</strong></span> <span class='ocrx_word' id='word_1_125' title='bbox 567 2343 690 2404; x_wconf 66' lang='lat' dir='ltr'><strong>umiae</strong></span> <span class='ocrx_word' id='word_1_126' title='bbox 721 2337 873 2425; x_wconf 88' lang='lat' dir='ltr'><strong>legibus</strong></span> <span class='ocrx_word' id='word_1_127' title='bbox 905 2346 1169 2427; x_wconf 79' lang='lat' dir='ltr'><strong>exponendam</strong></span> <span class='ocrx_word' id='word_1_128' title='bbox 1200 2347 1331 2412; x_wconf 90' lang='lat' dir='ltr'><strong>creda-</strong></span> 
     </span>
    </p>

    <p class='ocr_par' dir='ltr' id='par_1_9' title="bbox 231 2442 1332 2724">
     <span class='ocr_line' id='line_1_20' title="bbox 231 2442 1331 2524; baseline 0.002 -10"><span class='ocrx_word' id='word_1_129' title='bbox 231 2443 236 2460; x_wconf 79' lang='grc'><em>’</em></span> <span class='ocrx_word' id='word_1_130' title='bbox 282 2470 392 2524; x_wconf 82' lang='lat' dir='ltr'><strong>mue,</strong></span> <span class='ocrx_word' id='word_1_131' title='bbox 416 2447 516 2512; x_wconf 85' lang='lat' dir='ltr'><strong>unde</strong></span> <span class='ocrx_word' id='word_1_132' title='bbox 538 2445 587 2510; x_wconf 92' lang='lat' dir='ltr'><strong>ad</strong></span> <span class='ocrx_word' id='word_1_133' title='bbox 610 2445 901 2524; x_wconf 89' lang='lat' dir='ltr'><strong>mechanicam,</strong></span> <span class='ocrx_word' id='word_1_134' title='bbox 932 2445 1146 2515; x_wconf 83' lang='lat' dir='ltr'><strong>chemicam</strong></span> <span class='ocrx_word' id='word_1_135' title='bbox 1178 2458 1233 2516; x_wconf 84' lang='lat' dir='ltr'><strong>et</strong></span> <span class='ocrx_word' id='word_1_136' title='bbox 1243 2442 1331 2516; x_wconf 86' lang='lat' dir='ltr'><strong>bio-</strong></span> 
     </span>
     <span class='ocr_line' id='line_1_21' title="bbox 286 2551 1332 2642; baseline 0.003 -26"><span class='ocrx_word' id='word_1_137' title='bbox 286 2552 537 2639; x_wconf 87' lang='lat' dir='ltr'><strong>dynamicam</strong></span> <span class='ocrx_word' id='word_1_138' title='bbox 570 2551 690 2618; x_wconf 86' lang='lat' dir='ltr'><strong>simul</strong></span> <span class='ocrx_word' id='word_1_139' title='bbox 728 2552 927 2626; x_wconf 79' lang='lat' dir='ltr'><strong>reflectere</strong></span> <span class='ocrx_word' id='word_1_140' title='bbox 968 2555 1099 2636; x_wconf 84' lang='lat' dir='ltr'><strong>potius</strong></span> <span class='ocrx_word' id='word_1_141' title='bbox 1147 2555 1332 2642; x_wconf 78' lang='lat' dir='ltr'><strong>debemus</strong></span> 
     </span>
     <span class='ocr_line' id='line_1_22' title="bbox 284 2655 495 2724; baseline -0.036 0"><span class='ocrx_word' id='word_1_142' title='bbox 284 2655 495 2724; x_wconf 74' lang='lat' dir='ltr'><strong>actionem.</strong></span> 
     </span>
    </p>
   </div>
   <div class='ocr_carea' id='block_1_8' title="bbox 275 2817 1336 3116">
    <p class='ocr_par' dir='ltr' id='par_1_10' title="bbox 275 2817 1336 3116">
     <span class='ocr_line' id='line_1_23' title="bbox 365 2817 1336 2906; baseline -0.002 -22"><span class='ocrx_word' id='word_1_143' title='bbox 365 2821 552 2904; x_wconf 83' lang='lat' dir='ltr'><strong>Tempus,</strong></span> <span class='ocrx_word' id='word_1_144' title='bbox 571 2839 645 2906; x_wconf 90' lang='lat' dir='ltr'><strong>quo</strong></span> <span class='ocrx_word' id='word_1_145' title='bbox 669 2819 775 2884; x_wconf 82' lang='lat' dir='ltr'><strong>cibus</strong></span> <span class='ocrx_word' id='word_1_146' title='bbox 798 2825 904 2903; x_wconf 89' lang='lat' dir='ltr'><strong>eget,</strong></span> <span class='ocrx_word' id='word_1_147' title='bbox 924 2825 969 2884; x_wconf 82' lang='lat' dir='ltr'><strong>ut</strong></span> <span class='ocrx_word' id='word_1_148' title='bbox 983 2819 1180 2903; x_wconf 81' lang='lat' dir='ltr'><strong>digeretur</strong></span> <span class='ocrx_word' id='word_1_149' title='bbox 1192 2817 1336 2902; x_wconf 81' lang='lat' dir='ltr'><strong>,inque</strong></span> 
     </span>
     <span class='ocr_line' id='line_1_24' title="bbox 287 2915 1332 3003; baseline -0.001 -20"><span class='ocrx_word' id='word_1_150' title='bbox 287 2915 474 3003; x_wconf 72' lang='lat' dir='ltr'><strong>thymum</strong></span> <span class='ocrx_word' id='word_1_151' title='bbox 496 2925 625 2987; x_wconf 82' lang='lat' dir='ltr'><strong>versus</strong></span> <span class='ocrx_word' id='word_1_152' title='bbox 651 2919 913 2986; x_wconf 85' lang='lat' dir='ltr'><strong>ventriculum</strong></span> <span class='ocrx_word' id='word_1_153' title='bbox 949 2919 1118 2994; x_wconf 83' lang='lat' dir='ltr'><strong>deserat,</strong></span> <span class='ocrx_word' id='word_1_154' title='bbox 1148 2919 1332 2986; x_wconf 76' lang='lat' dir='ltr'><strong>determi-</strong></span> 
     </span>
     <span class='ocr_line' id='line_1_25' title="bbox 275 3015 1333 3116; baseline -0.003 -34"><span class='ocrx_word' id='word_1_155' title='bbox 275 3019 372 3116; x_wconf 66' lang='lat' dir='ltr'><strong>nari</strong></span> <span class='ocrx_word' id='word_1_156' title='bbox 394 3015 607 3094; x_wconf 72' lang='lat' dir='ltr'><strong>difficulter</strong></span> <span class='ocrx_word' id='word_1_157' title='bbox 627 3028 777 3106; x_wconf 83' lang='lat' dir='ltr'><strong>potest,</strong></span> <span class='ocrx_word' id='word_1_158' title='bbox 803 3021 996 3106; x_wconf 81' lang='lat' dir='ltr'><strong>siquidem</strong></span> <span class='ocrx_word' id='word_1_159' title='bbox 1017 3022 1189 3085; x_wconf 73' lang='lat' dir='ltr'><strong>variasit</strong></span> <span class='ocrx_word' id='word_1_160' title='bbox 1211 3023 1253 3084; x_wconf 91' lang='lat' dir='ltr'><strong>in</strong></span> <span class='ocrx_word' id='word_1_161' title='bbox 1272 3022 1333 3086; x_wconf 78' lang='lat' dir='ltr'><strong>di.</strong></span> 
     </span>
    </p>
   </div>
   <div class='ocr_carea' id='block_1_9' title="bbox 165 3119 1325 3204">
    <p class='ocr_par' dir='ltr' id='par_1_11' title="bbox 165 3119 1325 3204">
     <span class='ocr_line' id='line_1_26' title="bbox 165 3119 1325 3204; baseline -0.001 -12"><span class='ocrx_word' id='word_1_162' title='bbox 165 3129 168 3138; x_wconf 83' lang='grc'><em>’</em></span> <span class='ocrx_word' id='word_1_163' title='bbox 206 3119 222 3204; x_wconf 49' lang='lat' dir='ltr'><strong><em>J</em></strong></span> <span class='ocrx_word' id='word_1_164' title='bbox 277 3127 647 3198; x_wconf 65' lang='lat' dir='ltr'><strong>uersishominibus</strong></span> <span class='ocrx_word' id='word_1_165' title='bbox 669 3136 707 3193; x_wconf 83' lang='lat' dir='ltr'><strong>et</strong></span> <span class='ocrx_word' id='word_1_166' title='bbox 738 3128 975 3194; x_wconf 76' lang='lat' dir='ltr'><strong>animalilma</strong></span> <span class='ocrx_word' id='word_1_167' title='bbox 1003 3127 1214 3192; x_wconf 87' lang='lat' dir='ltr'><strong>ventriculi</strong></span> <span class='ocrx_word' id='word_1_168' title='bbox 1244 3127 1325 3204; x_wconf 81' lang='lat' dir='ltr'><strong>vis,</strong></span> 
     </span>
    </p>
   </div>
   <div class='ocr_carea' id='block_1_10' title="bbox 277 3217 1325 3314">
    <p class='ocr_par' dir='ltr' id='par_1_12' title="bbox 277 3217 1325 3314">
     <span class='ocr_line' id='line_1_27' title="bbox 277 3217 1325 3314; baseline 0.004 -24"><span class='ocrx_word' id='word_1_169' title='bbox 277 3233 323 3292; x_wconf 84' lang='lat' dir='ltr'><strong>et</strong></span> <span class='ocrx_word' id='word_1_170' title='bbox 351 3221 631 3312; x_wconf 67' lang='lat' dir='ltr'><strong>varius&#39;etiarn</strong></span> <span class='ocrx_word' id='word_1_171' title='bbox 664 3232 770 3314; x_wconf 79' lang='lat' dir='ltr'><strong>cibus</strong></span> <span class='ocrx_word' id='word_1_172' title='bbox 810 3217 960 3308; x_wconf 78' lang='lat' dir='ltr'><strong>diversi&gt;</strong></span> <span class='ocrx_word' id='word_1_173' title='bbox 987 3231 1097 3314; x_wconf 86' lang='lat' dir='ltr'><strong>egeat</strong></span> <span class='ocrx_word' id='word_1_174' title='bbox 1129 3237 1325 3314; x_wconf 89' lang='lat' dir='ltr'><strong>tempor-e,</strong></span> 
     </span>
    </p>
   </div>
   <div class='ocr_carea' id='block_1_11' title="bbox 104 3313 1331 3425">
    <p class='ocr_par' dir='ltr' id='par_1_13' title="bbox 104 3313 1331 3425">
     <span class='ocr_line' id='line_1_28' title="bbox 104 3313 1331 3425; baseline 0.001 -24"><span class='ocrx_word' id='word_1_175' title='bbox 104 3313 108 3320; x_wconf 31' lang='grc' dir='ltr'>Ι</span> <span class='ocrx_word' id='word_1_176' title='bbox 162 3417 164 3425; x_wconf 28' lang='grc' dir='ltr'>Ι</span> <span class='ocrx_word' id='word_1_177' title='bbox 281 3353 360 3422; x_wconf 83' lang='lat' dir='ltr'><strong>quo</strong></span> <span class='ocrx_word' id='word_1_178' title='bbox 383 3338 570 3422; x_wconf 91' lang='lat' dir='ltr'><strong>concoqui</strong></span> <span class='ocrx_word' id='word_1_179' title='bbox 588 3340 727 3422; x_wconf 76' lang='lat' dir='ltr'><strong>possit,</strong></span> <span class='ocrx_word' id='word_1_180' title='bbox 754 3333 1098 3404; x_wconf 74' lang='lat' dir='ltr'><strong>observationibus</strong></span> <span class='ocrx_word' id='word_1_181' title='bbox 1116 3343 1266 3404; x_wconf 70' lang='lat' dir='ltr'><strong>WALfflr</strong></span> <span class='ocrx_word' id='word_1_182' title='bbox 1291 3343 1331 3402; x_wconf 86' lang='lat' dir='ltr'><strong>et</strong></span> 
     </span>
    </p>
   </div>
   <div class='ocr_carea' id='block_1_12' title="bbox 280 3427 1331 4247">
    <p class='ocr_par' dir='ltr' id='par_1_14' title="bbox 280 3427 1331 4247">
     <span class='ocr_line' id='line_1_29' title="bbox 282 3427 1329 3517; baseline 0.001 -13"><span class='ocrx_word' id='word_1_183' title='bbox 282 3427 452 3504; x_wconf 79' lang='lat' dir='ltr'><strong>eliorum</strong></span> <span class='ocrx_word' id='word_1_184' title='bbox 472 3440 700 3517; x_wconf 70' lang='lat' dir='ltr'><strong>didicimus,</strong></span> <span class='ocrx_word' id='word_1_185' title='bbox 723 3438 963 3508; x_wconf 77' lang='lat' dir='ltr'><strong>substantias</strong></span> <span class='ocrx_word' id='word_1_186' title='bbox 998 3441 1169 3506; x_wconf 86' lang='lat' dir='ltr'><strong>duriores</strong></span> <span class='ocrx_word' id='word_1_187' title='bbox 1192 3463 1213 3504; x_wconf 87' lang='lat' dir='ltr'><strong>a</strong></span> <span class='ocrx_word' id='word_1_188' title='bbox 1233 3461 1329 3506; x_wconf 81' lang='lat' dir='ltr'><strong>ven-</strong></span> 
     </span>
     <span class='ocr_line' id='line_1_30' title="bbox 282 3537 1330 3628; baseline -0.003 -21"><span class='ocrx_word' id='word_1_189' title='bbox 282 3538 426 3614; x_wconf 69' lang='lat' dir='ltr'><strong>triculo</strong></span> <span class='ocrx_word' id='word_1_190' title='bbox 449 3537 594 3614; x_wconf 84' lang='lat' dir='ltr'><strong>diutius</strong></span> <span class='ocrx_word' id='word_1_191' title='bbox 625 3543 822 3618; x_wconf 74' lang='lat' dir='ltr'><strong>retineri,</strong></span> <span class='ocrx_word' id='word_1_192' title='bbox 841 3549 879 3608; x_wconf 86' lang='lat' dir='ltr'><strong>et</strong></span> <span class='ocrx_word' id='word_1_193' title='bbox 902 3543 1068 3628; x_wconf 77' lang='lat' dir='ltr'><strong>digestas</strong></span> <span class='ocrx_word' id='word_1_194' title='bbox 1097 3541 1221 3606; x_wconf 90' lang='lat' dir='ltr'><strong>multo</strong></span> <span class='ocrx_word' id='word_1_195' title='bbox 1241 3541 1330 3605; x_wconf 83' lang='lat' dir='ltr'><strong>citi-</strong></span> 
     </span>
     <span class='ocr_line' id='line_1_31' title="bbox 281 3644 1330 3730; baseline 0.005 -26"><span class='ocrx_word' id='word_1_196' title='bbox 281 3659 326 3704; x_wconf 83' lang='lat' dir='ltr'><strong>us</strong></span> <span class='ocrx_word' id='word_1_197' title='bbox 343 3659 412 3724; x_wconf 85' lang='lat' dir='ltr'><strong>per</strong></span> <span class='ocrx_word' id='word_1_198' title='bbox 433 3645 614 3730; x_wconf 86' lang='lat' dir='ltr'><strong>pylorum</strong></span> <span class='ocrx_word' id='word_1_199' title='bbox 637 3644 758 3713; x_wconf 76' lang='lat' dir='ltr'><strong>abire.</strong></span> <span class='ocrx_word' id='word_1_200' title='bbox 782 3645 920 3724; x_wconf 81' lang='lat' dir='ltr'><strong>Cernes</strong></span> <span class='ocrx_word' id='word_1_201' title='bbox 933 3686 943 3721; x_wconf 92' lang='lat'><strong>,</strong></span> <span class='ocrx_word' id='word_1_202' title='bbox 957 3646 1092 3710; x_wconf 83' lang='lat' dir='ltr'><strong>crudas</strong></span> <span class='ocrx_word' id='word_1_203' title='bbox 1113 3645 1217 3720; x_wconf 80' lang='lat' dir='ltr'><strong>fere,</strong></span> <span class='ocrx_word' id='word_1_204' title='bbox 1241 3649 1330 3726; x_wconf 86' lang='lat' dir='ltr'><strong>post</strong></span> 
     </span>
     <span class='ocr_line' id='line_1_32' title="bbox 281 3742 1331 3830; baseline 0.003 -23"><span class='ocrx_word' id='word_1_205' title='bbox 281 3742 363 3807; x_wconf 81' lang='lat' dir='ltr'><strong>dies</strong></span> <span class='ocrx_word' id='word_1_206' title='bbox 387 3759 426 3822; x_wconf 81' lang='lat'><strong>14</strong></span> <span class='ocrx_word' id='word_1_207' title='bbox 453 3745 606 3810; x_wconf 84' lang='lat' dir='ltr'><strong>vomitu</strong></span> <span class='ocrx_word' id='word_1_208' title='bbox 631 3747 813 3830; x_wconf 79' lang='lat' dir='ltr'><strong>rejectas,</strong></span> <span class='ocrx_word' id='word_1_209' title='bbox 842 3749 1007 3812; x_wconf 89' lang='lat' dir='ltr'><strong>minime</strong></span> <span class='ocrx_word' id='word_1_210' title='bbox 1040 3754 1171 3812; x_wconf 83' lang='lat' dir='ltr'><strong>tamen</strong></span> <span class='ocrx_word' id='word_1_211' title='bbox 1202 3767 1331 3812; x_wconf 77' lang='lat' dir='ltr'><strong>corru-</strong></span> 
     </span>
     <span class='ocr_line' id='line_1_33' title="bbox 280 3842 1331 3928; baseline 0.003 -19"><span class='ocrx_word' id='word_1_212' title='bbox 280 3842 370 3928; x_wconf 74' lang='lat' dir='ltr'><strong>ptis</strong></span> <span class='ocrx_word' id='word_1_213' title='bbox 390 3846 583 3928; x_wconf 80' lang='lat' dir='ltr'><strong>vidimus3</strong></span> <span class='ocrx_word' id='word_1_214' title='bbox 601 3850 841 3916; x_wconf 78' lang='lat' dir='ltr'><strong>substantiae</strong></span> <span class='ocrx_word' id='word_1_215' title='bbox 863 3852 993 3927; x_wconf 86' lang='lat' dir='ltr'><strong>durae,</strong></span> <span class='ocrx_word' id='word_1_216' title='bbox 1006 3853 1123 3924; x_wconf 85' lang='lat' dir='ltr'><strong>coria,</strong></span> <span class='ocrx_word' id='word_1_217' title='bbox 1136 3851 1331 3916; x_wconf 87' lang='lat' dir='ltr'><strong>membra</strong></span> 
     </span>
     <span class='ocr_line' id='line_1_34' title="bbox 280 3949 1330 4040; baseline 0.002 -26"><span class='ocrx_word' id='word_1_218' title='bbox 280 3967 377 4024; x_wconf 80' lang='lat' dir='ltr'><strong>nae,</strong></span> <span class='ocrx_word' id='word_1_219' title='bbox 405 3949 541 4032; x_wconf 82' lang='lat' dir='ltr'><strong>adeps,</strong></span> <span class='ocrx_word' id='word_1_220' title='bbox 574 3969 728 4032; x_wconf 87' lang='lat' dir='ltr'><strong>caseus,</strong></span> <span class='ocrx_word' id='word_1_221' title='bbox 757 3956 956 4040; x_wconf 86' lang='lat' dir='ltr'><strong>legumina</strong></span> <span class='ocrx_word' id='word_1_222' title='bbox 976 3996 987 4031; x_wconf 92' lang='lat'><strong>,</strong></span> <span class='ocrx_word' id='word_1_223' title='bbox 1017 3955 1163 4019; x_wconf 83' lang='lat' dir='ltr'><strong>fructus</strong></span> <span class='ocrx_word' id='word_1_224' title='bbox 1199 3952 1330 4027; x_wconf 88' lang='lat' dir='ltr'><strong>varii,</strong></span> 
     </span>
     <span class='ocr_line' id='line_1_35' title="bbox 280 4051 1329 4143; baseline 0.004 -25"><span class='ocrx_word' id='word_1_225' title='bbox 280 4051 424 4118; x_wconf 78' lang='lat' dir='ltr'><strong>baccae</strong></span> <span class='ocrx_word' id='word_1_226' title='bbox 444 4058 515 4116; x_wconf 86' lang='lat' dir='ltr'><strong>etc.</strong></span> <span class='ocrx_word' id='word_1_227' title='bbox 535 4056 733 4122; x_wconf 81' lang='lat' dir='ltr'><strong>mensibus</strong></span> <span class='ocrx_word' id='word_1_228' title='bbox 753 4058 916 4143; x_wconf 76' lang='lat' dir='ltr'><strong>integris</strong></span> <span class='ocrx_word' id='word_1_229' title='bbox 939 4063 977 4122; x_wconf 87' lang='lat' dir='ltr'><strong>et</strong></span> <span class='ocrx_word' id='word_1_230' title='bbox 997 4059 1109 4124; x_wconf 85' lang='lat' dir='ltr'><strong>annis</strong></span> <span class='ocrx_word' id='word_1_231' title='bbox 1130 4079 1170 4122; x_wconf 86' lang='lat' dir='ltr'><strong>m</strong></span> <span class='ocrx_word' id='word_1_232' title='bbox 1182 4064 1329 4122; x_wconf 85' lang='lat' dir='ltr'><strong>stoma</strong></span> 
     </span>
     <span class='ocr_line' id='line_1_36' title="bbox 284 4152 1330 4247; baseline 0.008 -31"><span class='ocrx_word' id='word_1_233' title='bbox 284 4152 358 4222; x_wconf 89' lang='lat' dir='ltr'><strong>cho</strong></span> <span class='ocrx_word' id='word_1_234' title='bbox 382 4157 589 4222; x_wconf 76' lang='lat' dir='ltr'><strong>haeserunt</strong></span> <span class='ocrx_word' id='word_1_235' title='bbox 611 4162 666 4247; x_wconf 85' lang='lat' dir='ltr'><strong>c).</strong></span> <span class='ocrx_word' id='word_1_236' title='bbox 684 4161 924 4226; x_wconf 83' lang='lat' dir='ltr'><strong>StatuitJoh.</strong></span> <span class='ocrx_word' id='word_1_237' title='bbox 934 4161 1108 4226; x_wconf 74' lang='lat' dir='ltr'><strong>meer</strong></span> <span class='ocrx_word' id='word_1_238' title='bbox 1127 4181 1196 4244; x_wconf 89' lang='lat' dir='ltr'><strong>pro</strong></span> <span class='ocrx_word' id='word_1_239' title='bbox 1211 4182 1330 4246; x_wconf 82' lang='lat' dir='ltr'><strong>aquo</strong></span> 
     </span>
    </p>
   </div>
   <div class='ocr_carea' id='block_1_13' title="bbox 276 4257 1439 4344">
    <p class='ocr_par' dir='ltr' id='par_1_15' title="bbox 276 4257 1439 4344">
     <span class='ocr_line' id='line_1_37' title="bbox 276 4257 1439 4344; baseline 0.002 -16"><span class='ocrx_word' id='word_1_240' title='bbox 276 4257 338 4328; x_wconf 72' lang='lat' dir='ltr'><strong>&#39;sir</strong></span> <span class='ocrx_word' id='word_1_241' title='bbox 368 4261 627 4344; x_wconf 68' lang='lat' dir='ltr'><strong>semihoram,</strong></span> <span class='ocrx_word' id='word_1_242' title='bbox 653 4265 842 4335; x_wconf 78' lang='lat' dir='ltr'><strong>fructibus</strong></span> <span class='ocrx_word' id='word_1_243' title='bbox 872 4265 1049 4344; x_wconf 80' lang='lat' dir='ltr'><strong>horaeis,</strong></span> <span class='ocrx_word' id='word_1_244' title='bbox 1082 4265 1259 4333; x_wconf 78' lang='lat' dir='ltr'><strong>carnibus</strong></span> <span class='ocrx_word' id='word_1_245' title='bbox 1290 4269 1330 4330; x_wconf 88' lang='lat' dir='ltr'><strong>et</strong></span> <span class='ocrx_word' id='word_1_246' title='bbox 1438 4285 1439 4288; x_wconf 45' lang='lat'>¹</span> 
     </span>
    </p>
   </div>
   <div class='ocr_carea' id='block_1_14' title="bbox 0 0 1450 5004">
    <p class='ocr_par' dir='ltr' id='par_1_16' title="bbox 0 0 1450 5004">
     <span class='ocr_line' id='line_1_38' title="bbox 0 0 1450 5004; baseline 0 0"><span class='ocrx_word' id='word_1_247' title='bbox 0 0 1450 5004; x_wconf 95' lang='lat' dir='ltr'><strong> </strong></span> 
     </span>
    </p>
   </div>
  </div>
 </body>
</html>
