2922 4996
237 437 348 504 sacr.
369 436 415 502 11.
434 437 493 502 Da
512 451 633 502 cucur
654 447 836 503 ronnar.
856 437 898 504 v.
917 449 1081 506 carnus.
1136 441 1198 521 165

42 561 48 570 ’
144 593 215 658 η,
236 585 386 650 moveri
406 583 461 670 c).
484 585 528 648 n
548 582 719 668 piscibus
747 591 786 650 ec
808 583 1022 670 amputans
1044 589 1199 674 segnior

147 693 370 758 advertitur
394 697 534 760 motus·

231 818 431 944 Reguntur
463 857 699 923 musculares
732 826 915 924 intestini
945 859 1069 928 fibrae
1099 882 1197 952 gan·

148 961 323 1048 gliorum
353 969 507 1027 tentum
529 960 659 1024 nervia
691 957 755 1043 (§.
782 961 856 1032 286.
871 962 916 1047 ),
939 953 1041 1028 unde
1068 973 1197 1036 metue

143 1067 414 1153 perietalticua
444 1085 548 1130 mere
579 1065 781 1150 organicus
807 1071 886 1144 ast,
919 1067 1043 1132 animi
1074 1071 1199 1156 impe*-

144 1173 207 1238 rio
242 1173 406 1236 minime
432 1171 704 1258 gubernandus
728 1167 790 1257 d).
822 1171 974 1236 Ponunt
1002 1177 1132 1239 autern
1150 1175 1198 1240 fi-

142 1277 241 1344 brae
263 1275 426 1359 duplicia
445 1273 593 1340 ordinis
613 1273 810 1358 triplicem
831 1273 913 1339 sere
929 1281 1104 1341 motumr
1124 1276 1200 1342 cir·

17 1443 19 1462 ,
147 1385 298 1468 cularee
329 1383 527 1448 irritatam
554 1381 736 1448 intestini
769 1379 992 1466 portionem
1019 1390 1198 1464 arctant,

144 1493 185 1550 et
214 1485 390 1550 redditur
429 1485 587 1550 brevior
616 1484 808 1548 lacoaaite'
826 1485 915 1552 tubi
951 1485 1197 1554 alimentaria

142 1591 263 1675 plage
278 1669 283 1678 Ι
297 1588 485 1654 fibrarum
522 1587 871 1673 longitudinalium
910 1589 1087 1670 actione;
1112 1611 1198 1656 con·

145 1697 384 1759 tractionem
415 1691 515 1756 hene
541 1692 734 1758 relaxatio
771 1692 946 1778 requitur
962 1683 976 1768 ,⁴
1002 1699 1041 1758 et
1071 1693 1199 1762 oritur
1320 1681 1322 1699 '

143 1787 283 1860 tertius
308 1795 467 1881 quidam
486 1816 530 1860 ex
553 1775 704 1862 alterna
724 1795 798 1862 hac
818 1791 1009 1861 librarum
1042 1799 1198 1866 action·

144 1903 294 1972 motus,
316 1899 533 1982 diagonalis
554 1899 664 1985 quasi
684 1905 723 1965 et
740 1897 899 1982 apirelie
923 1921 991 1968 ceu
1012 1903 1196 1971 ludibun·
1248 1935 1253 1944 ·

145 1999 242 2074 due,
264 2007 308 2064 ut
325 2001 420 2066 adeo
450 2003 658 2068 incitatum
691 1999 925 2068 intestinum
946 2025 1102 2090 repere,
1122 2009 1196 2074 hac

16 2179 18 2198 Ι
147 2105 352 2180 contrahi,
381 2105 473 2168 illeo
496 2105 646 2182 laxari,
667 2105 733 2169 hio
759 2106 906 2170 arctari
937 2115 976 2171 et
1006 2109 1106 2174 alibi
1137 2112 1223 2178 in··

16 2203 17 2206 ’
135 2207 398 2287 1ἱὶειτίνίἀετιε.
422 2209 498 2271 lloc
517 2207 640 2292 igitur
660 2207 869 2292 motu,qui
892 2225 962 2292 per
977 2212 1113 2298 plagae
1135 2213 1196 2280 in·

138 2315 307 2390 teatini,
328 2313 420 2377 inde
443 2333 467 2376 e
485 2313 623 2398 pyloro
646 2329 775 2377 vereue
796 2313 987 2386 inferiora
1006 2318 1194 2400 procedit,

144 2423 330 2484 contenta
352 2416 542 2480 inferiore
562 2435 692 2481 vereue
709 2423 1003 2499 promoventur.
1027 2421 1196 2508 Sequun-

144 2523 212 2587 tur
244 2539 383 2602 nempe
424 2517 708 2584 contractiones
747 2537 834 2582 eum
863 2518 1075 2602 ordinem,
1110 2543 1196 2610 cunr

144 2628 276 2708 partes
308 2621 522 2705 superiores
552 2613 794 2710 alimentarii
823 2621 970 2686 canalia
1003 2642 1072 2706 per
1103 2615 1195 2713 chy·

145 2746 255 2794 mum
279 2766 290 2800 ,
313 2725 437 2810 magio
470 2722 596 2788 adhuc
627 2723 897 2800 differentem,
921 2725 1033 2789 citius
1057 2733 1094 2791 et
1125 2748 1195 2813 po-

146 2830 297 2896 tentiue
329 2828 567 2902 irritentur,
599 2830 637 2888 et
665 2825 749 2909 ipse
791 2824 910 2892 etiam
948 2831 1194 2898 musculosus

145 2927 360 3016 apparatus
384 2931 427 2994 in
448 2928 623 2992 duodeno
651 2927 790 2992 fortior
818 2928 873 2992 eit
896 2948 1012 3013 quarn
1033 2932 1076 2996 in
1099 2933 1192 3017 jeju.

20 3049 25 3062 ·
145 3055 197 3099 no
223 3040 260 3098 et
281 3034 358 3097 ileo
386 3031 438 3116 (t.
457 3031 576 3116 285),
595 3028 697 3092 unde
724 3049 814 3112 pare
836 3031 1011 3113 superior
1040 3035 1168 3099 active
1181 3081 1195 3117 ‚

144 3144 264 3224 etque
294 3137 456 3200 inferior
485 3133 638 3218 passive
668 3131 791 3216 megia
812 3155 849 3198 se
869 3133 1002 3200 hebet.
1034 3137 1114 3203 Non
1134 3144 1194 3203 ta.

142 3261 235 3306 men
258 3257 411 3304 omnem
445 3238 575 3302 abesse
606 3239 714 3318 putee
740 3231 1009 3321 retrogradum
1041 3249 1193 3320 motum
1230 3321 1234 3328 ⁴

146 3341 508 3432 (antiperistal
524 3340 718 3430 ticum),
739 3343 805 3426 qui
822 3344 865 3410 in
887 3347 1057 3412 normali
1073 3350 1194 3418 etiem

144 3457 255 3518 statu
284 3443 386 3533 apud
421 3445 619 3511 hominem
651 3454 689 3510 et
717 3447 859 3513 hestiae
891 3450 1194 3542 observatore).

145 3549 316 3616 Arctatis
336 3547 441 3612 enim
460 3547 711 3612 inferioribus
726 3548 908 3614 intestini
928 3552 1194 3636 portionibus,

145 3659 332 3719 contenta
362 3651 560 3735 superiore
592 3673 724 3717 versus
752 3659 960 3738 urgentur,
987 3675 1061 3742 quo
1095 3661 1189 3758 chy·

144 3776 230 3822 mue
251 3757 406 3821 uberius
424 3757 642 3841 subigitur,
666 3763 781 3844 atque
802 3764 977 3843 tempore
999 3765 1188 3848 longiore,

143 3865 188 3924 ut
211 3879 307 3942 opue
327 3858 487 3924 omnino
517 3865 592 3936 eat,
622 3861 787 3925 intubo
816 3863 1066 3930 alimentario
1095 3869 1190 3932 reti·

140 3967 272 4032 netur.
302 3965 537 4046 Innormali
561 3973 693 4040 temen
718 3973 826 4033 stetu
849 3977 976 4060 metue
996 3977 1189 4055 retrogra-

141 4068 216 4132 due
238 4091 328 4135 vero
352 4069 593 4154 perietaltico
613 4078 718 4136 motu
739 4073 903 4140 inferior
926 4079 983 4141 eet
993 4113 1006 4152 ,
1026 4081 1072 4142 ut
1093 4077 1198 4146 adeor

141 4173 193 4244 ed
220 4194 361 4258 parvas
391 4178 547 4246 nonnisi
571 4181 716 4264 plagae·
736 4179 988 4262 extendatur,
1015 4203 1084 4248 nac
1119 4184 1191 4254 diu

141 4277 358 4348 continuet.
387 4281 544 4353 sivero
577 4281 724 4352 nimiae
752 4285 902 4362 fuerint
932 4284 1185 4374 inpertitur

1352 4042 1375 4098 k
1418 4099 1422 4110 .
