2892 5004
301 405 345 475 32
403 365 1245 454 meu.craturatmrtr.rosrnrrorr.

231 611 244 628 k
299 535 431 600 Potest
462 527 583 612 igitur
614 522 777 587 maxilla
801 523 973 590 hominis
995 525 1158 592 inferior
1186 520 1344 595 detrahi

299 645 338 704 et
359 631 515 706 adtolli,
538 632 759 692 antrorsum
787 627 938 712 porrigi
956 634 994 693 et
1004 623 1166 696 'retrahi
1174 671 1186 708 ‚
1207 630 1257 696 ad
1279 631 1338 696 la·

191 725 194 732 ⁴
295 729 550 806 tera‘moverl
569 734 607 805 et
620 729 760 826 rotari·

25 859 27 882 t
120 852 128 884 6

377 933 563 1018 Dentes
589 934 721 1020 paucis
750 931 907 1000 tantum
935 927 1073 1012 desunt
1091 929 1334 1020 perfectiori-

290 1045 361 1112 bus
392 1039 628 1106 animalibus
659 1029 754 1124 “),“
772 1042 937 1122 suntque
965 1037 1194 1124 durissimae
1214 1042 1337 1108 totius

291 1144 463 1240 corporis
483 1147 613 1226 partes
625 1185 638 1218 ,
659 1139 761 1216 unde
785 1141 1029 1226 corruptioni
1055 1145 1167 1230 longe
1187 1143 1333 1210 diutius

291 1271 408 1338 quam
439 1248 591 1329 reliqua
629 1245 715 1308 ossa'
751 1243 950 1311 resistunt.
997 1248 1126 1312 Etiam
1157 1249 1335 1314 chemica

288 1357 502 1444 qualitate,
522 1355 568 1415 ut
585 1349 806 1415 Buazusws
829 1333 999 1416 ostendit
1022 1353 1090 1441 a),
1112 1353 1333 1418 substantia

193 1497 196 1500 ·
271 1461 466 1554 ··dentitim
496 1459 545 1523 ab
572 1447 731 1522 ossium¹
747 1455 939 1522 mixtione
961 1453 982 1538 (
993 1463 1020 1534 §.
1039 1439 1150 1540 208.)
1174 1451 1335 1536 differt;

285 1559 510 1651 plus'enim
541 1559 587 1624 de
619 1559 721 1624 calce
750 1558 1036 1643 phosphorica,
1065 1563 1103 1622 et
1124 1558 1253 1623 minus
1286 1560 1333 1626 de

275 1669 390 1734 'calce
422 1664 627 1730 aerata-in
653 1664 835 1728 humanis
867 1668 905 1728 et
936 1683 1119 1746 pecorum
1150 1657 1334 1730 dentibus

284 1769 477 1854 comperit
506 1781 627 1858 quam¹
653 1768 694 1830 in
721 1767 879 1832 ossibus.
912 1767 1170 1834 Duriseimam
1201 1776 1333 1834 autem

283 1871 547 1944 eubstantiam
569 1889 624 1934 en
637 1889 655 1932 c
669 1887 729 1944 au
743 1875 822 1934 stu
835 1889 875 1934 m
897 1870 1125 1948 constituit,
1145 1869 1248 1956 quod
1266 1891 1331 1936 co-

120 1999 125 2016 *
221 1989 422 2046 ronam
451 1971 629 2038 dentium
659 1972 802 2046 vestit,
830 1979 987 2058 tamque
1018 1973 1177 2045 densum
1199 1979 1237 2038 et
1259 1971 1329 2038 du·

279 2099 368 2148 rum
389 2081 447 2142 ast
459 2111 472 2153 ,
493 2077 537 2139 ut
557 2093 643 2136 cum
676 2073 841 2160 chalybe
874 2071 1068 2140 scintillas
1096 2093 1208 2160 saepe
1237 2095 1330 2160 pro·

279 2181 403 2246 liciat.
434 2180 500 2242 Est
514 2173 610 2240 haec
628 2175 870 2256 substantia,
891 2193 1008 2262 quam
1027 2175 1246 2241 vitream
1268 2175 1330 2241 in*

280 2302 446 2369 congrue
466 2267 751 2351 dicunt‚acidie
772 2277 1202 2356 mineralibus,nitrlco
1220 2297 1331 2361 prae*

279 2393 416 2481 cipue,
440 2383 607 2468 perfecta
633 2381 837 2459 solubilis3
867 2383 1020 2454 nullum
1050 2381 1247 2457 continet,
1279 2388 1324 2446 ut

277 2499 532 2566 Moarcamr,
559 2489 779 2586 Haspnnrr
807 2492 845 2552 et
873 2481 1096 2552 Briseis-us
1131 2505 1326 2570 compare..

276 2603 390 2676 runt,
410 2591 581 2665 animale
604 2591 759 2675 gluten,
783 2596 821 2654 et
841 2585 976 2654 differt
997 2589 1076 2676 ejus
1096 2591 1235 2656 mixtio
1255 2609 1323 2673 peu

274 2702 381 2769 nitus
405 2719 428 2794 α.
454 2695 608 2778 reliqua
630 2693 1019 2762 ossium-substantia
1038 2691 1100 2778 b).
1122 2696 1322 2776 Apparent
1359 2680 1363 2686 ⁴

274 2805 318 2869 in
335 2801 410 2868 hac
431 2797 656 2873 substantia
682 2796 807 2866 fibrae
827 2794 1060 2859 manifestae
1072 2833 1082 2871 ,
1095 2815 1192 2880 quae
1211 2812 1321 2860 arcus

271 2908 448 2974 formant
458 2947 470 2981 ,
488 2901 531 2966 in
551 2899 710 2964 homine
730 2905 900 2960 concava
917 2897 1018 2962 facie
1035 2899 1257 2981 superiora,
1278 2899 1321 2962 in

177 3039 180 3048 ¹
273 3031 345 3074 ove
366 3025 457 3072 vero
487 3003 674 3084 inferiora
705 3005 920 3086 spectantes
943 3001 998 3084 c).
1031 2999 1202 3066 Crassior
1222 3003 1319 3068 haec

272 3109 503 3188 incrustatio
536 3106 662 3176 estin
691 3126 871 3190 suprema
900 3127 1061 3174 coronae
1088 3112 1220 3191 parte,
1247 3105 1317 3172 ubi

133 3201 136 3214 ¹
188 3252 192 3264 ›
273 3216 404 3282 dentes
438 3215 575 3274 mutuo
600 3229 681 3271 sess
710 3214 903 3302 tangunt3
931 3218 1160 3278 extenuatur
1186 3229 1317 3276 versus

230 3321 244 3402 ἰ
271 3318 472 3406 gingivas,
493 3319 537 3378 ‘et
555 3304 687 3376 defidit
709 3315 863 3394 penitus
885 3316 1077 3382 inradies
1099 3299 1247 3393 dentis;
1271 3316 1314 3382 in

269 3419 471 3489 nonnullis
501 3423 637 3482 tamen
665 3415 930 3499 animalibus,
949 3428 993 3485 ut
1022 3421 1064 3485 in
1096 3421 1312 3510 Trichscho

269 3549 441 3598 rosmaro
456 3527 561 3608 ,ipsa
582 3522 701 3586 eriam
721 3523 832 3603 radix
852 3525 927 3590 isto
949 3520 1154 3592 obducitur
1176 3547 1314 3592 encau-

269 3649 356 3718 sto,
378 3643 509 3718 estque
530 3629 739 3695 admodum
758 3653 926 3698 crassum
948 3635 989 3698 in
1009 3635 1312 3704 ruminantibus·

268 3741 483 3812 secernitur
508 3735 603 3798 haec
625 3733 843 3800 substantia
866 3757 933 3819 par
955 3739 1219 3804 membranam
1240 3759 1310 3804 va·
1423 3737 1425 3788 J

269 3847 493 3918 oculosam,
519 3833 693 3926 radicem
726 3844 764 3902 et
796 3841 935 3904 collum
967 3841 1092 3906 dentis
1127 3837 1312 3908 ambeun·

267 3961 367 4028 tem,
388 3965 456 4010 nec
485 3930 629 4018 facile,
655 3937 851 4008 destructa
884 3943 945 4010 ‘vel
976 3947 1113 4010 abrasa
1143 3949 1311 4013 renasci·

266 4061 342 4122 tur.
373 4041 517 4116 Tuetur
539 4043 684 4112 osseam
706 4048 880 4113 dentium
898 4051 1157 4116 substantiam
1180 4055 1227 4116 ab
1249 4057 1306 4118 at·
1419 4065 1421 4133 l

263 4155 384 4226 tritu,
405 4167 502 4238 aque
535 4149 633 4213 airis
666 4155 703 4213 et
725 4151 890 4214 aliarum
920 4153 1225 4219 substantiarum
1246 4153 1320 4231 ina
1419 4169 1420 4229 l

267 4258 401 4334 fluxu,
429 4251 530 4320 unde
558 4251 756 4338 deperdito
790 4261 970 4327 encausto
998 4257 1306 4364 ipsamoxoor-
1417 4277 1419 4325 l

559 4393 569 4426 a
1199 4381 1303 4430 rum⁴
