2892 5004
320 399 431 476 ster.
448 401 478 472 1.
496 401 557 472 Dr
577 411 833 472 vrrrrrcocr
854 411 1043 475 errrore.
1147 408 1190 478 6ι

143 577 166 624 e
189 553 306 623 denec
323 573 505 624 vesorum
524 553 601 622 reti
613 552 826 630 conflatae,
841 550 886 616 in
905 550 1008 620 facie
1024 551 1191 624 interio-
1309 617 1312 628 .

141 685 186 730 re
208 661 419 730 ventriculi
440 664 682 746 apparentes.

227 809 285 876 Ad
305 807 450 873 octium
471 805 681 872 ventriculi
704 803 989 888 oesophageum
1002 801 1191 884 (cardi-

116 899 121 904 ’
144 937 171 980 a
184 917 247 1002 m)
266 913 388 978 fibrae
407 911 615 976 circulares
638 910 827 974 annulum
856 905 1068 976 efformant
1079 957 1092 992 ,
1125 913 1193 999 qui

144 1018 277 1102 ipsum
310 1015 352 1080 id
385 1015 530 1080 ortium
563 1019 758 1078 coarctare
786 1012 950 1088 saltem,
976 1005 1050 1075 'aut
1077 1013 1192 1096 plene
1270 1047 1273 1061 ·

142 1120 266 1185 etiam
285 1117 533 1202 praecludere
553 1113 911 1198 valet‚undeephi
926 1134 952 1178 n
965 1117 1009 1179 ct
1021 1135 1070 1178 er
1092 1135 1193 1180 car·

142 1225 262 1290 diae
282 1223 438 1288 dicitur·
460 1220 517 1288 Ad
529 1219 672 1286 ostium
684 1217 898 1284 duodenale
911 1218 951 1303 (p
962 1238 989 1305 y
1000 1217 1014 1282 l
1027 1239 1048 1284 o
1059 1239 1078 1284 r
1088 1239 1113 1285 ιι
1127 1221 1192 1310 ιιι)

142 1343 307 1394 mucoso
325 1324 535 1392 ventriculi
556 1323 783 1387 membrana
792 1319 1072 1386 incircularem
1089 1341 1193 1386 com·

142 1431 319 1516 plicatur
342 1445 563 1514 processum
575 1426 622 1510 (v
636 1424 716 1488 aiv
728 1445 753 1488 u
766 1425 780 1486 1
791 1445 814 1486 a
824 1442 863 1486 m
886 1423 976 1509 pyl
991 1443 1012 1488 o
1026 1423 1117 1512 ri),
1130 1425 1192 1491 cui

143 1535 386 1608 musculares
404 1531 525 1597 etiam
553 1528 677 1594 fibrae
706 1525 888 1614 obliquae
910 1531 949 1590 et
982 1525 1191 1594 annulare·

141 1635 474 1719 interponuntur,
505 1637 557 1710 ut,
579 1629 673 1694 adeo
704 1629 864 1694 valvule
888 1627 983 1693 haec
1008 1631 1193 1708 mobilis,

142 1739 380 1823 ephincterie
400 1737 596 1814 adinstar,
620 1733 934 1800 communionem
963 1733 1067 1802 inter
1094 1757 1189 1802 ven·

39 1833 43 1844 ⁸
143 1843 336 1908 tricolum
358 1845 397 1906 et
415 1846 533 1906 tenue
551 1835 784 1904 intestinum
804 1839 891 1922 plus
911 1838 1040 1904 minue
1068 1839 1192 1926 impe-

146 1944 233 2011 dire
255 1944 392 2028 poreit.
414 1940 615 2007 Paucioree
637 1945 729 2004 eunt
748 1939 982 2004 muscularea
1001 1940 1125 2008 fibrae
1145 1947 1196 2012 ad

142 2052 251 2115 latus
271 2047 496 2126 sinistrum,
517 2043 617 2111 unde
644 2044 884 2108 ventriculus
915 2043 958 2108 in
989 2063 1193 2113 coecum

144 2150 380 2238 expanditur
402 2151 549 2214 saecu
560 2167 598 2214 m
618 2169 685 2214 eeu
704 2147 726 2212 f
734 2165 759 2210 ιι
772 2168 798 2213 ιι
810 2145 833 2212 d
846 2166 871 2212 ιι
884 2167 948 2228 ιιι,
969 2153 1193 2236 quiventri·

145 2259 236 2325 culo
259 2258 405 2342 repleto
426 2255 726 2340 semigloboeam
749 2251 909 2350 exiribet
927 2245 1092 2340 figorem
1113 2263 1173 2350 a).

168 2369 186 2397 u
229 2357 445 2427 Adducitur
476 2357 698 2424 ventriculo
732 2356 909 2440 copioeue
939 2361 1195 2448 oanguiaaper
1233 2433 1236 2442 ,
1288 2385 1297 2432 ·.

143 2469 225 2528 tres
247 2462 418 2529 arteriae
444 2461 709 2532 coeliacae
733 2477 888 2524 ramosa
910 2465 1193 2532 stomachi·

147 2584 282 2642 cum,
309 2564 610 2648 hepaticam
641 2569 680 2630 et
710 2563 978 2643 lienalem,
1006 2588 1026 2632 e
1054 2553 1194 2657 quibua

144 2674 220 2734 art.
270 2665 552 2732 coronaria
603 2665 863 2746 einietra,
911 2673 1195 2740 coronaria

142 2769 322 2852 dextra
355 2789 385 2834 a.
424 2767 687 2854 pylorica‚
721 2775 836 2854 atque
868 2770 1193 2858 goutte-epi·

144 2871 1194 2960 ploicadextraetainiotraoriuntur.Adce-

147 2980 247 3045 dunt
264 2980 339 3043 hae
359 2977 526 3042 arteriae
553 2975 600 3040 ed
614 2975 875 3040 ventriculum
897 2975 1004 3042 omni
1027 2987 1072 3042 ex
1082 2981 1196 3064 parta

141 3101 170 3147 a
189 3080 386 3166 superiore
406 3084 446 3144 et
475 3078 685 3154 inferiore,
713 3098 737 3141 a
769 3077 906 3142 dextra
939 3083 977 3142 et
1006 3079 1193 3162 sinistra',

143 3191 304 3250 omento
327 3183 468 3248 leviter
484 3179 687 3266 suspensae
700 3227 710 3262 ,
722 3181 1193 3268 quoimpediturmesan·
1267 3199 1270 3206 ’

143 3291 276 3376 guinis
295 3288 373 3352 iter
396 3285 465 3350 sub
497 3285 608 3350 vario
639 3286 847 3350 uentriculi
874 3295 985 3354 motu
1017 3297 1057 3356 et
1079 3296 1193 3359 volu·

144 3393 253 3458 mine
273 3389 518 3468 cohibeatur.
540 3388 705 3454 Mittunt
718 3389 872 3453 demum
884 3431 895 3466 ,
906 3391 975 3455 ubi
991 3395 1193 3460 stomacho

143 3493 347 3578 proximae
359 3491 650 3566 sunt‚ourculos
662 3491 823 3556 subtiles
844 3492 886 3556 in
906 3493 1031 3560 viscue
1049 3481 1193 3584 ipsum,

142 3596 296 3662 trivero
319 3591 462 3657 surculi
483 3590 582 3656 retia
600 3593 846 3658 formant-ac
878 3615 1009 3660 arcum
1040 3608 1189 3667 utrum·

138 3719 237 3786 que,
262 3697 472 3780 ineuntque
493 3695 666 3778 copios'ee
700 3695 803 3762 inter
833 3719 873 3764 ee
902 3705 1192 3784 anastomoaea,
1269 3705 1274 3718 ⁴

138 3803 375 3888 procurrunt
396 3798 617 3884 serpentino
637 3795 779 3864 itinere
791 3843 803 3877 ,
826 3807 870 3866 ut
900 3805 1116 3890 exporrigi,
1141 3810 1190 3874 il·

22 3951 29 3964 ·
142 3912 251 3973 laeso
273 3902 477 3985 sanguinis
508 3908 641 3978 motu,
676 3901 830 3968 diducto
855 3907 1075 3976 ventriculo
1101 3931 1191 3996 pos-

143 4007 224 4075 eint
241 4028 252 4088 ;
269 4009 478 4092 penetrant
503 4001 668 4086 denique
692 4003 796 4088 ipsas
824 4008 977 4073 tunicae
991 4055 1002 4090 ,
1028 4015 1186 4096 paucio·
1283 4061 1285 4068 -

141 4132 203 4176 res
223 4127 394 4186 setosae,
412 4109 540 4190 plures
564 4107 774 4172 musculari
792 4109 910 4194 'atque
922 4103 1188 4194 ⁴plurimosin-

141 4217 264 4294 timae
281 4210 493 4280 ventriculi
504 4209 755 4302 'membranae
773 4215 943 4279 remulce
957 4215 1190 4287 submitten-

140 4324 211 4388 tes.
233 4315 435 4388 Accedunt
457 4310 622 4404 denique
641 4312 691 4380 ad
710 4335 866 4386 coecum
887 4317 1096 4390 ventriculi
1106 4343 1189 4394 eac.
1276 4345 1279 4350 ·
