2892 5004
5 1941 17 1972 s
133 1900 261 1970 fibrae
278 1925 298 1970 a
317 1911 457 1974 centris
480 1913 675 1982 tendinais
698 1917 843 1990 duobus

325 417 434 482 sacr.
453 417 482 490 1.
502 419 562 488 Dr
583 435 831 496 vrurnroum
860 449 1047 506 surmus.
1143 451 1198 537 ·65
1267 477 1272 484 -
1390 499 1397 520 .

141 556 301 645 ipsique
321 562 540 664 ventriculo
561 586 722 635 carnoso
734 619 742 650 ‚
754 581 798 640 ut
810 579 1013 660 probabile
1027 595 1085 655 cst
1098 637 1109 670 ,
1120 597 1193 663 bu·

140 681 294 727 morem
310 666 522 747 gastricum
541 673 877 764 suppeditantem,
894 689 959 771 qui
980 695 1189 768 achin-us

144 787 175 830 s.
206 769 536 835 ventriculus
571 785 993 861 succenturiatus
1033 804 1191 878 dicitur.

142 871 220 936 Ubi
239 871 430 957 ingluvies
453 875 582 956 deest,
600 883 760 952 achinus
781 891 866 974 ipso
880 905 1093 976 ventriculo
1109 937 1191 982 car·

141 976 389 1058 noso-major
410 997 490 1043 csse
507 983 618 1048 solat.
638 987 813 1058 Excurrit
837 1009 1052 1076 contractus
1086 1017 1192 1088 infra

135 1063 363 1161 'ingluviem
386 1081 436 1146 ad
457 1085 636 1170 exiguam
665 1090 896 1166 distantiam
928 1102 1190 1206 oesophagus,

143 1184 184 1242 et
204 1179 392 1248 inseritur
414 1185 456 1250 in
478 1192 740 1260 ven-tricolum
765 1219 1026 1278 carnosum
1057 1241 1086 1284 s.
1109 1233 1191 1292 stoa

99 1348 105 1356 ,
143 1285 326 1350 maehum
348 1287 505 1370 proprie
524 1293 658 1358 talem.
681 1299 807 1366 Habet
828 1305 900 1372 ists
923 1311 1088 1398 figuram
1106 1329 1191 1412 glo.

139 1384 277 1450 bosam
290 1389 374 1462 ‚ad
398 1391 522 1458 latera
541 1414 680 1478 parum
703 1421 983 1498 compressam,
1017 1433 1190 1510 superio.

140 1507 184 1550 re
208 1495 247 1552 et
268 1491 403 1558 dextra
414 1503 525 1577 parte
540 1503 800 1589 oesophagum
813 1513 1063 1598 recipientem
1077 1551 1086 1568 ·

1077 1575 1087 1608 ‚
1108 1554 1190 1602 car·

138 1587 425 1672 cinericium,
449 1601 565 1680 paulo
587 1606 721 1670 tamen
743 1609 906 1680 inferior
930 1627 975 1684 et·
997 1637 1189 1709 posterior

141 1703 202 1762 est
223 1699 396 1783 pylorua.
428 1703 583 1772 Extimu
609 1708 689 1794 ejus
718 1717 853 1782 tunica
882 1725 1100 1806 peritonaei
1131 1753 1189 1814 est

132 1800 370 1884 productio;
409 1815 621 1894 sequuntur
659 1819 825 1884 musculi
869 1823 979 1911 duo,
1014 1849 1189 1922 quorum'

856 1929 922 2006 ,in
944 1947 1187 2027 marginibus

137 2008 348 2074 ventriculi
368 2013 646 2096 existentibus,
669 2036 888 2094 excurrunt.
911 2036 1056 2110 Intima
1079 2057 1185 2126 tuni.

141 2131 187 2174 ca
211 2119 272 2177 est
290 2116 660 2200 culluloso-fibrosa,
681 2127 782 2193 facio
799 2131 982 2205 interiore
1012 2155 1090 2217 reti
1117 2183 1185 2230 vav.

138 2215 290 2280 sculoso
319 2225 519 2305 pertexta,·
538 2229 577 2288 at
598 2229 741 2296 callosa
767 2236 1005 2332 apidermide
1029 2264 1185 2334 vestita,

135 2313 297 2398 Pylorus
320 2320 576 2394 circularibus
597 2323 806 2418 stringitur
828 2337 939 2408 fibris

301 2413 303 2427 1
954 2357 1188 2440 ,nullacxia

136 2424 266 2484 utente
286 2423 457 2492 vulvula.
507 2443 511 2454 ’

218 2585 280 2650 lta
300 2587 512 2655 saltabant
533 2591 608 2660 hae
638 2606 767 2680 partes
798 2605 840 2674 in
871 2613 1067 2710 plerisque
1099 2635 1183 2700 avi·

128 2682 222 2760 bus,
246 2685 440 2772 aliquibus
463 2697 594 2764 tamen
607 2711 897 2780 occurrentibus
918 2723 1180 2803 varietatibus

129 2791 187 2874 o).
210 2793 472 2860 Musculorum
490 2807 623 2866 autem
645 2805 763 2876 robur
785 2833 855 2896 pro
879 2825 987 2891 vario
1009 2836 1179 2907 alimen.

127 2893 163 2957 ti
185 2898 497 2980 generarat-ium
519 2909 596 2967 ast:
632 2907 715 2973 iere
751 2919 1069 3000 membranaceus
1099 2960 1180 3007 cer-
1216 2935 1219 2946 ’

124 2997 236 3064 nitur
257 2997 299 3062 in
314 3001 528 3070 carnivoris
552 3013 590 3071 et
613 3007 882 3098 insectivoris;
897 3027 1043 3098 ·robust

123 3099 364 3184 omnivoris3
385 3110 512 3192 atque,
534 3110 828 3210 robustissimus
862 3125 903 3221 ξι]
930 3140 1180 3238 ςτειιιίνοήεξ

121 3201 246 3280 adeo,
268 3210 312 3270 ut
331 3211 445 3272 tanta
466 3209 564 3275 insit
587 3208 853 3290 triturationis
876 3232 960 3314 vis,
982 3234 1055 3326 quo'
1085 3241 1182 3336 cal-J

122 3307 230 3372 linae
251 3311 487 3378 ventriculus
509 3317 667 3385 tubulos
690 3325 729 3388 at
748 3325 881 3410 globos
902 3339 1046 3412 ferreos
1071 3325 1181 3440 conii

118 3411 311 3496 primore,
335 3415 469 3498 globos
491 3419 637 3488 vitreos
668 3425 710 3490 in
739 3431 938 3513 pulverem
978 3433 1177 3530 conterere'

119 3515 162 3602 f)
175 3556 186 3590 ‚
206 3517 288 3580 imo
311 3515 537 3606 durissimos
560 3525 680 3592 otiam
700 3531 849 3615 lapides
877 3541 1096 3645 (onychin)
1134 3573 1174 3632 et

121 3637 259 3682 aureas
280 3625 479 3698 monetas,
501 3645 611 3690 succo
625 3633 793 3713 gastrico
806 3642 939 3731 utique
958 3671 1168 3744 cooperan.

118 3725 186 3800 te,
209 3723 409 3808 volumina
431 3727 606 3800 minuero
626 3735 732 3800 valet
753 3739 815 3826 g).

1048 3037 1108 3108 ior
1134 3045 1177 3133 in
1227 3088 1231 3096 =

204 3883 400 3952 Plurimae
422 3899 628 3958 occurrunt
648 3895 859 3970 varietates
883 3907 924 3976 in
944 3931 1168 3999 mummuli.

116 3982 212 4060 bus,
234 3987 336 4051 uude
353 3992 466 4075 uaria
481 3995 689 4063 ventriculi
712 4007 870 4090 energia
889 4011 931 4078 in
955 4021 1084 4094 cibum
1099 4037 1168 4100 ad·
1281 4007 1295 4110 x.

116 4097 314 4170 sumtum,
339 4099 377 4158 et
396 4095 812 4179 ingestorumcffectus
834 4118 964 4184 varius
992 4126 1177 4222 intelligi

66 4229 70 4238 ι
115 4189 259 4278 potest.
292 4198 351 4262 Sic
383 4221 467 4264 sues
501 4205 760 4291 hyoscyamo,
789 4207 906 4282 bou'es
939 4225 1064 4297 cicuta
1093 4221 1171 4309 etc.¹

114 4303 464 4398 vescunturzquae
496 4306 649 4372 homini
672 4333 821 4380 venena
858 4329 972 4403 sunt,
1011 4339 1049 4400 et
1077 4359 1166 4426 per.

74 4461 80 4476 χ
167 4405 597 4500 LuuuossiuPbysiol.
619 4417 819 4488 malllol.
841 4423 904 4491 111.
971 4435 999 4502 E
1095 4427 1097 4433 ’
