2898 4992
279 371 344 455 ⁴92
406 371 492 436 Lm.
507 366 534 432 1.
548 366 638 433 cir.
651 366 747 433 v111,
769 367 828 434 De
840 375 1007 482 ceruus
1021 379 1216 433 orosium
1241 455 1247 466 ι
1263 421 1266 426 .

282 517 538 600 deprimitur,
560 495 751 581 inventae¹
764 516 932 580 fuerunt.
955 515 1000 579 In
1030 513 1325 600 Senegambiae

267 643 464 698 vconverso
484 625 644 705 plantae
674 630 823 686 aestum
856 621 987 684 ferunt
1018 619 1232 688 ultra-120.
1260 639 1325 704 gr;

277 727 430 791 invenit
447 727 718 808 Hessntporsr
743 730 785 808 in
808 728 911 791 Zona
935 727 1200 792 fervidissime
1213 726 1327 809 plan-

280 835 340 892 tas
362 827 511 905 varias,
536 836 574 892 et
602 829 747 912 reperit
767 831 952 893 Fonsrun
971 831 1013 893 in
1040 829 1169 894 insule
1189 830 1331 892 Tanna

278 935 326 998 ed
348 935 506 999 vulcani
529 940 738 1009 craterem,
762 935 831 998 ubi
851 939 977 998 aestus
995 935 1073 998 fere
1095 937 1178 998 erat
1204 931 1329 996 bulli-

199 1119 206 1124 -
279 1039 379 1102 entis
396 1057 538 1123 aquae,
560 1037 762 1119 plantulas-
778 1036 947 1101 diverses
972 1038 1046 1124 “l).
1066 1035 1263 1120 Comperit
1300 1036 1331 1098 1.

279 1143 468 1218 Horren,
494 1159 623 1202 succos
643 1143 868 1223 plantarum
887 1141 976 1224 gelu
1008 1139 1157 1204 tardius
1185 1138 1331 1222 corripi

280 1245 397 1327 quam
417 1259 558 1326 aquam
569 1287 580 1320 ,
599 1242 802 1327 ipsumque
831 1243 1183 1318 thermometrum,
1213 1246 1332 1304 trun·

280 1365 324 1410 co
353 1345 503 1408 arboris
525 1344 769 1422 immissum,
788 1343 949 1410 subinde
977 1344 1099 1406 alium
1127 1342 1331 1408 ostendere

276 1446 420 1526 caloris
440 1449 625 1528 gradum,
651 1473 766 1537 quam
786 1453 837 1516 in·
856 1449 1129 1532 etmosphaera
1156 1448 1332 1513 adverti·

282 1557 348 1615 tur
368 1553 425 1641 a).
447 1557 790 1624 observationibus
810 1561 864 1629 lo.
887 1562 983 1625 Dav.
1011 1560 1157 1621 Sentiet
1185 1555 1327 1620 didici-

280 1674 366 1719 mus
379 1697 391 1734 ,
405 1660 598 1724 ‘arborum
618 1663 848 1746 temperiem
868 1683 937 1746 per
957 1664 1143 1724 aestatem
1166 1658 1334 1724 humili-

282 1781 414 1840 orem,
428 1770 467 1829 et
486 1765 665 1829 altiorem
687 1786 754 1849 per
776 1768 956 1850 hyemem
978 1781 1187 1847 essequam
1203 1768 1336 1828 atmo-

280 1867 468 1946 sphaerae
493 1885 507 1942 ;
532 1870 685 1932 varium
734 1875 868 1932 temen
899 1868 1051 1950 plantas
1090 1866 1233 1930 habere
1269 1887 1335 1930 ce.-

196 2013 205 2038 .
282 1972 377 2035 loris
398 1971 559 2054 gradum
581 1993 649 2055 pro
665 1975 817 2038 ratione
834 1963 1038 2057 temperiei
1057 1973 1156 2037 a'iiris
1170 1972 1337 2036 circum·

229 2077 231 2087 ’
284 2075 354 2137 flui
381 2076 438 2158 b).
476 2076 765 2141 Confirmarunt
783 2080 878 2142 haec
906 2076 1215 2168 observationes,
1236 2085 1346 2160 quas‘

283 2171 445 2242 SALOME'
463 2198 584 2260 nuper
604 2180 802 2245 instituit:
819 2182 989 2246 advertit
1010 2180 1139 2256 enim,
1156 2177 1334 2244 medium

282 2299 432 2365 semper
455 2303 535 2346 esse
566 2283 767 2348 arboribus
788 2285 923 2352 celoris
946 2283 1107 2368 gradum
1131 2283 1235 2349 inter
1268 2303 1333 2346 ae-

281 2392 384 2450 stum
406 2386 620 2450 maximum
643 2395 681 2452 et
702 2409 896 2454 summum
927 2389 1047 2470 frigus
1081 2386 1330 2470 etmosphae·

281 2510 367 2567 rae3
386 2493 519 2576 augeri
542 2501 843 2578 nonnunquam,
860 2494 894 2556 si
914 2493 1059 2558 nimius
1085 2491 1205 2556 fuerit
1224 2492 1336 2556 airis*

283 2599 431 2678 aestus,
454 2593 675 2672 plantarum
696 2595 924 2677 temperiem
947 2593 997 2658 ad
1028 2613 1069 2678 75
1100 2614 1157 2679 gr.
1189 2614 1333 2678 usque,

282 2696 350 2762 sed
371 2708 592 2781 nunquam,
616 2698 693 2762 nisi
715 2699 910 2780 periturae
940 2698 1040 2773 sint,
1072 2699 1176 2762 infra
1203 2699 1245 2780 56
1273 2717 1331 2782 gr.

239 2809 243 2816 '
283 2799 535 2881 deprimi,·ut
559 2800 650 2867 adeo
673 2802 954 2886 vegetabilium
978 2802 1196 2866 viventium
1229 2807 1331 2866 iem·

283 2889 405 2986 periei
427 2902 592 2966 latitudo
616 2923 656 2970 uo
674 2905 754 2968 iere
770 2901 908 2987 gradus
927 2903 1038 2966 Fahr.
1051 2908 1332 2986 complectatur

285 3007 342 3090 c).
366 3007 506 3088 Augeri
529 3009 753 3090 plantarum
775 3009 941 3096 calorem
968 3027 1035 3091 per
1069 3008 1331 3092 vegetationis

284 3130 522 3193 processum,
548 3112 710 3176 dubium
730 3118 785 3176 est
806 3093 958 3176 nullum
970 3159 981 3192 ,
1003 3112 1199 3198 ¹siquidum
1228 3115 1258 3178 l.
1289 3115 1331 3178 Β.

226 3202 229 3209 ’
284 3214 509 3292 Laniare,
524 3217 579 3280 Jo.
601 3218 797 3280 sinemur
819 3222 857 3279 et
877 3209 951 3278 Fel.
972 3217 1161 3280 Forum
1188 3217 1232 3280 in
1271 3238 1333 3281 ve-

285 3320 523 3400 getabilibus
565 3318 825 3402 compluribus
865 3319 1053 3398 majorem
1088 3319 1332 3384 adverterint

228 3499 235 3508 ⁴
282 3424 512 3506 temperiem
528 3441 665 3508 ,quam
688 3421 980 3504 atmosphaerae
999 3422 1117 3488 fuerit
1137 3423 1242 3488 color
1271 3421 1330 3507 d).

284 3526 374 3590 Istis
400 3525 433 3589 si
463 3525 628 3589 addatur
656 3525 829 3607 vulgaris
870 3525 1109 3600 observatio,
1140 3545 1217 3610 qua
1248 3544 1333 3588 con·

284 3635 383 3704 stet,
406 3649 539 3712 corpus
561 3633 758 3702 nostrum,
781 3635 889 3692 aestu
922 3631 1045 3693 soleri
1073 3629 1330 3700 delassatum,

284 3734 469 3798 arborum
497 3733 637 3794 umbra
666 3731 787 3815 magis
823 3731 1038 3811 refocillari
1077 3750 1192 3815 quam
1226 3730 1331 3794 intra

282 3836 476 3921 parietes,
495 3833 778 3916 vegetabilibus
797 3833 876 3897 vim
900 3822 1055 3912 inesse',
1075 3853 1151 3918 que
1183 3840 1330 3916 tempe·

283 3937 357 4001 riei
378 3935 640 4001 constantiam
667 3956 817 4000 servare
841 3935 1024 4010 valeant,
1055 3933 1210 4020 penitus
1242 3953 1329 4000 oon·

278 4060 492 4106 ‘vmcrmun

267 4261 271 4266 ¹
370 4179 569 4244 Animalia
590 4180 819 4264 imperfecta
839 4181 996 4246 tantam
1014 4179 1093 4246 sere
1115 4179 1265 4244 habent
1291 4179 1332 4240 ut

286 4281 528 4369 vegetabilia
547 4285 752 4368 temperiei
774 4283 1039 4352 latitudinem.
1060 4283 1180 4350 Pisces
1202 4287 1240 4348 et
1253 4299 1342 4347 emm
