2922 4996
298 328 406 394 sicr.
428 325 477 392 11.
497 327 558 394 Da
577 339 692 392 eninr
709 340 888 394 ronnas.
908 326 954 400 11.
980 343 1123 398 neren.
1181 349 1241 415 135

636 495 667 566 5·
711 505 783 574 295·

363 677 701 744 Adminicula
734 623 1055 748 secretionis.

272 839 430 908 Delatus
459 839 501 908 in
531 841 663 906 acinos
685 839 837 924 hepatis
862 859 1049 918 venosus,
1074 843 1231 929 phlogi-

188 941 288 1008 stico
318 943 515 1009 abundans
535 945 714 1028 sanguis,
736 945 890 1010 actione
918 944 1034 1010 vitali
1067 948 1148 1026 ejus
1170 951 1232 1014 vi·

190 1046 306 1110 sceris
325 1065 395 1129 pro
417 1047 551 1134 aliqua
569 1048 629 1112 sui
644 1052 757 1130 parte
774 1047 1005 1123 resolvitur,
1025 1069 1231 1138 rursusque
1292 1119 1298 1138 ,

191 1149 459 1232 componitur,
480 1158 519 1214 et
548 1151 591 1214 in
618 1151 807 1216 biliosum
841 1157 1126 1246 transmutatur
1157 1159 1231 1222 hu-

191 1271 377 1330 morem,
410 1253 476 1340 qui
512 1274 536 1316 a
564 1253 726 1320 surculis
758 1274 940 1320 vasorum
975 1256 1230 1340 hiliosorum,

187 1352 373 1436 specifica·
394 1355 629 1422 attractione
649 1355 766 1420 facile
793 1356 999 1440 praeditis,
1022 1361 1230 1444 recipitur,

188 1464 311 1543 atque,
326 1479 394 1541 per
416 1459 501 1524 vias
520 1447 773 1548 descriptas(
784 1467 815 1536 5.
836 1465 942 1548 291.)
966 1471 1230 1544 promovetur.

187 1558 378 1634 Residuus
401 1565 530 1628 autem
550 1561 704 1644 sanguis
725 1578 792 1643 per
815 1581 929 1634 vonas
950 1565 1148 1648 hepatices
1174 1569 1228 1654 (ς.

135 1649 146 1674 ’
185 1680 266 1744 29⁰·
278 1683 323 1726 n.
341 1661 390 1748 4.)
411 1661 454 1726 in
473 1681 608 1749 cavam
627 1662 825 1734 reducitur
845 1685 996 1740 venam.

271 1816 510 1892 mucurrunt
521 1808 771 1892 'adminicula
787 1827 898 1906 varia
907 1874 917 1908 ,
931 1811 1068 1916 quibus
1089 1820 1231 1915 saper-¹

89 2011 96 2020 ι
185 1919 321 1996 licitur
358 1929 539 1994 secretio:
573 1931 903 2008 mechanica,
931 1931 1158 1996 chemica
1189 1937 1229 1997 et

184 2035 284 2124 dyn
297 2058 320 2100 a
331 2055 370 2098 m
383 2035 398 2098 i
409 2053 426 2096 c
439 2052 472 2095 a·
494 2032 551 2097 Ad
569 2033 696 2117 prima
712 2036 911 2120 pertinent
928 2043 1140 2113 structura,
1158 2055 1228 2118 po·

185 2141 309 2218 situs,
331 2161 450 2208 nexus
480 2147 519 2206 et
544 2145 671 2210 motus
692 2142 888 2224 partium,
918 2145 1229 2229 cholopoe'ticum

186 2249 358 2328 systema
379 2243 713 2310 constituentium.
745 2245 813 2308 ilis
836 2247 941 2312 enim
964 2244 1160 2324 efficitur,
1182 2251 1226 2314 ut

179 2345 324 2411 humor
336 2347 376 2410 in
390 2347 542 2432 singulo
555 2365 734 2410 vasorum
747 2366 884 2432 genere
894 2349 1082 2436 requisita
1093 2371 1225 2422 move-

183 2458 273 2517 atur
293 2451 504 2526 celeritate,
517 2451 696 2536 ipsaeque
706 2457 834 2534 partes
847 2451 895 2516 ad
907 2454 1010 2534 fellis
1024 2474 1225 2528 concurre·

183 2577 225 2620 re
247 2554 396 2638 possint
418 2553 587 2636 genesin.
621 2551 939 2640 Diapbragmatis
961 2562 1088 2620 motus
1107 2557 1226 2622 alter-

181 2679 275 2725 nam
301 2658 422 2722 exerit
440 2657 482 2722 in
502 2659 621 2744 hepar
651 2659 909 2741 pressionem,
929 2660 1021 2724 bilis
1043 2641 1224 2727 secretio·

183 2785 272 2832 nem
302 2768 340 2827 et
370 2762 627 2826 exorationem
665 2769 984 2846 promoventem,
1009 2769 1048 2828 et
1076 2765 1225 2830 hebent

182 2871 309 2931 costae
332 2870 446 2950 atque
469 2863 737 2929 abdomineles
756 2866 1224 2986 musculi2resptrationis

182 2977 272 3034 actu
292 2965 448 3033 adsidue
468 2967 589 3040 moti,
602 2967 885 3031 manifestum'
873 2989 914 3031 m
936 2965 1113 3066 Jecinoris
1136 2969 1224 3033 fun-

180 3076 352 3138 ctionem
373 3071 577 3140 influxum.
600 3071 690 3136 Inde
709 3071 931 3156 1grturest,
952 3072 1068 3160 quod·
1073 3073 1223 3138 anima-

150 3251 154 3260 ,
181 3181 280 3243 lium
305 3180 448 3262 hepar,
470 3197 556 3242 cum
581 3199 604 3240 a
622 3182 732 3240 motu
761 3181 960 3260 arcentur,
983 3176 1224 3264 pinguescat,

181 3285 255 3348 et
243 3305 286 3348 sn
314 3283 481 3358 nimium
513 3286 706 3346 excrescat
735 3281 939 3372 volumem
963 3278 1063 3368 quod
1094 3281 1223 3346 homi-

178 3410 245 3453 nes
267 3387 482 3451 carceribus
505 3384 654 3452 detenti
676 3390 744 3455 aut
762 3385 1003 3450 sedentariae
1026 3386 1132 3450 vitae
1154 3387 1222 3464 ad·

179 3491 329 3566 stricti,
358 3490 515 3557 calculis
545 3487 772 3565 biliariisot
798 3488 886 3552 aliis
913 3489 1125 3572 plurimum
1154 3489 1221 3563 ad·
1267 3485 1271 3492 '

177 3593 363 3682 ficientur
383 3591 537 3676 hepatis
557 3593 725 3669 morbis,
750 3591 926 3656 uberiore
946 3593 1115 3677 corporis
1137 3613 1224 3658 moa

178 3707 221 3762 tu
245 3703 312 3761 aut
331 3697 482 3762 vomitu
506 3697 651 3780 optime
670 3695 869 3784 tollendis.
893 3697 1017 3782 Cystis
1038 3697 1126 3762 dein
1147 3699 1221 3764 fel-

177 3803 239 3864 lea
260 3822 283 3862 a
302 3799 519 3864 ventriculo
533 3817 576 3864 ac
598 3799 786 3863 intestino
808 3800 917 3862 tenui
931 3801 1095 3866 extensis
1115 3820 1219 3872 com-

176 3897 381 3982 primitur,
401 3906 532 3984 estque
554 3899 701 3982 pressio
724 3899 819 3962 haec
842 3900 1068 3964 mechanica
1090 3919 1218 3974 causa,

181 4023 256 4088 qua
287 4002 328 4068 id
367 4006 677 4087 conceptaculum
711 4009 928 4078 vacuetur,
958 4005 1077 4082 adeo,
1100 4011 1144 4068 ut
1175 4005 1218 4070 in

178 4109 418 4174 animalibus
437 4108 630 4172 famelicis
652 4107 732 4170 bile
759 4089 949 4188 repletum
968 4108 1049 4170 fere
1071 4125 1219 4190 semper

177 4209 400 4276 inveniatur
429 4211 485 4298 ⁰.)
513 4209 580 4274 His
609 4209 757 4274 accedit
783 4225 981 4272 ramorum
1014 4211 1218 4278 arterioso·
