2922 4996
279 395 340 487 r74
380 383 467 448 Lus.
481 381 508 444 1.
521 382 614 444 css.
628 379 674 442 11.
687 377 745 440 Da
765 387 964 438 sunam.
981 386 1238 438 orcesrrona.

357 520 618 585 Adverterunt
650 515 814 591 dudum,
843 515 958 597 chylo
990 513 1164 596 globulos
1196 511 1321 578 inesse
1406 579 1411 586 ,

276 619 516 708 diapbanos‚
536 619 657 684 oculis
685 615 846 680 armatis
874 616 1096 696 conspicuos
1118 615 1175 700 i),
1201 623 1237 678 et
1258 601 1320 680 vi·

273 723 414 792 derunt
431 727 607 788 EMMERT
618 761 629 798 ,
642 722 764 784 Reuss
791 725 860 780 etc.
873 717 913 800 k)
941 719 1165 798 sphaerulas
1188 719 1321 800 copio-

35 835 36 839 ’
82 824 94 858 ⁸
270 851 355 910 sas,
383 829 512 903 albas,
544 824 792 905 flavicantes,
816 820 973 892 humori
1002 841 1021 882 e
1048 819 1155 902 chyli
1186 821 1321 884 cister-

115 885 246 1007 ,Αἱ
272 953 324 998 na
346 931 509 995 exmisso
540 928 735 991 innatare.
769 924 843 986 cel.
876 925 1155 988 Gaurrfltnsun
1187 932 1321 990 autem

166 1017 181 1124 s
235 1099 239 1107 ,
272 1024 510 1122 pe'cnliare‘m
534 1031 713 1096 debemus
735 1027 1146 1110 observationem,qui
1165 1028 1205 1090 in
1226 1030 1322 1111 chy·

162 1213 166 1216 ,
272 1140 312 1202 lo
333 1140 527 1210 humano,
551 1130 798 1212 microscopii
819 1127 1037 1206 adiutorio,
1059 1131 1234 1212 globulos
1258 1131 1320 1194 vi·

273 1243 334 1308 dit
357 1247 395 1304 et
419 1240 634 1310 vesiculas,
655 1236 736 1297 illis
759 1231 923 1306 similes,
948 1251 1044 1316 qnae
1066 1233 1105 1295 in
1131 1236 1320 1318 sanguine
1355 1229 1359 1242 ¹

274 1344 463 1428 apparent
482 1341 533 1424 (ς.
557 1339 675 1428 1093),
698 1337 780 1398 solo
804 1339 957 1398 tantum
990 1336 1138 1409 colore,
1164 1337 1317 1403 minore

270 1445 383 1530 copia
402 1450 439 1507 et
458 1443 670 1514 volumine,
684 1443 798 1521 atque
817 1436 1017 1518 superficie
1038 1439 1159 1522 magis
1179 1459 1320 1522 aequa.

270 1551 301 1630 li
322 1547 551 1613 differentes.
573 1542 750 1609 Advertit
769 1557 909 1620 porro,
927 1542 1151 1622 corpuscula
1171 1561 1215 1604 ea
1237 1562 1320 1604 mo·

272 1659 309 1718 le
329 1654 485 1738 augeri,
517 1671 604 1716 cnm
634 1651 771 1733 chylus
803 1644 1005 1730 glandulas
1033 1629 1174 1711 transit
1197 1667 1321 1712 mesa·

208 1827 210 1834 ,
274 1758 400 1824 raicas
424 1756 476 1842 l).

358 1903 491 1968 Varias
510 1919 588 1964 essa
608 1895 715 1984 chyli
737 1895 994 1979 proprietates
1008 1893 1049 1958 in
1065 1895 1225 1960 diversis
1248 1915 1318 1959 va-

275 2027 409 2072 sorum
437 2007 647 2080 lacteorum
670 1999 871 2082 partibus,
895 1997 971 2062 Em
986 2019 1022 2062 m
1035 2021 1053 2062 e
1066 2022 1082 2062 r
1095 1999 1137 2062 ti
1165 2017 1320 2084 quoque

211 2097 214 2102 ¹
275 2116 466 2176 testantur
495 2105 806 2170 observationes:
830 2121 995 2186 namque
1017 2104 1182 2181 humor,
1214 2103 1321 2165 intra

278 2214 397 2278 initia
413 2228 595 2274 vasorum
624 2181 907 2289 chyliferoium
937 2209 1161 2276 contentus,
1181 2205 1320 2266 homo-

275 2335 438 2404 geneum
459 2313 540 2376 fore
561 2315 599 2373 et
619 2307 753 2370 album
772 2307 890 2370 refert
912 2307 1127 2389 liquidum,
1146 2325 1213 2368 nec
1236 2313 1320 2370 tam

276 2418 352 2480 cito
371 2416 412 2478 in
436 2431 606 2478 serosam
638 2415 676 2472 et
696 2409 863 2471 solidam
896 2408 1039 2471 secedit
1070 2427 1258 2482 massam,
1282 2415 1321 2472 et

276 2535 476 2600 nunquam
510 2516 589 2576 lere
610 2511 770 2574 rubrum
803 2510 850 2571 ab
874 2510 972 2572 ae'ris
999 2508 1148 2573 influxu
1178 2510 1322 2591 accipit

196 2691 200 2700 ,
278 2627 466 2697 colorem3
488 2619 556 2681 ille
590 2635 702 2692 vero,
725 2614 793 2696 qui
820 2611 1026 2676 scisterna
1060 2613 1227 2677 lumbari
1257 2613 1322 2676 de·

252 2735 256 2748 '
276 2725 462 2793 sumitur,
482 2715 618 2782 flavidi
644 2721 700 2778 est
729 2715 889 2788 coloris,
911 2714 1033 2778 multo
1066 2713 1181 2778 citius
1215 2719 1321 2800 cogi-

276 2836 362 2901 tur,
385 2828 516 2906 estque
546 2819 729 2902 sanguini
760 2840 825 2901 per
856 2819 989 2881 omnia
1023 2819 1146 2902 magis
1176 2819 1320 2884 similis

251 2929 353 3015 π).
383 2924 554 2989 Eundem
583 2923 785 3018 humorem
815 2921 935 2998 ¹etiam
966 2937 1035 3003 pro
1069 2920 1221 2984 ratione
1249 2921 1322 2984 ali·

277 3029 423 3101 menti,
460 3027 567 3089 vitae
599 3023 779 3104 generis,
802 3021 1119 3094 constitutionis,
1151 3021 1321 3106 aetatis,

146 3172 149 3177 -
252 3185 254 3190 .
275 3128 462 3196 sanitatis
484 3131 551 3189 aut
567 3125 694 3188 morbi
717 3121 885 3200 differre,
899 3125 1048 3187 nullum
1070 3133 1126 3190 est
1145 3124 1321 3205 dubium,

279 3230 473 3320 siquidem
497 3229 723 3315 organicum
743 3250 877 3315 corpus
908 3225 1146 3298 substantias
1168 3233 1323 3318 quasvis

280 3335 435 3421 penitus
456 3331 533 3400 sibi
557 3334 780 3400 adsimilare
809 3331 913 3398 baud
932 3334 1061 3398 valeat
1083 3333 1133 3414 (ς.
1153 3337 1229 3418 78.)
1245 3379 1258 3412 ,
1276 3343 1322 3402 ut

280 3439 375 3504 adeo
400 3437 524 3510 color,
544 3437 638 3502 odor
659 3444 880 3522 ceteraeque
898 3437 1230 3513 substantiarum,
1252 3459 1321 3522 per

280 3565 322 3610 os
346 3547 414 3607 aut
435 3539 532 3605 alias
555 3542 639 3606 vias
668 3543 710 3605 in
734 3561 869 3624 corpus
901 3539 1164 3604 adsumtarum
1192 3544 1320 3625 quali-

279 3656 409 3728 tates,
437 3650 480 3714 in
508 3651 695 3734 sanguine
728 3655 765 3712 et
796 3647 883 3711 aliis
917 3647 1146 3714 humoribus
1175 3649 1322 3715 iterum

281 3759 530 3839 compareant
561 3757 642 3838 n);
672 3753 860 3834 comperit
893 3745 980 3816 <lein
1008 3749 1174 3828 Mosae,
1195 3754 1322 3817 emul-

278 3857 426 3924 s'ionem
445 3858 758 3938 camphoratam,
781 3854 909 3919 ventri
928 3853 1148 3918 intricatam
1169 3861 1206 3918 et
1227 3875 1321 3920 cavo

279 3961 501 4026 abdominis
522 3958 826 4039 injectam,cum
849 3954 961 4042 chylo
982 3976 1000 4018 e
1022 3961 1162 4021 resecto
1183 3955 1322 4022 thora-

165 4079 172 4096 '
280 4066 362 4129 cieo
392 4062 509 4125 ductu
536 4055 736 4122 effluxisse
766 4060 836 4143 o),
866 4067 904 4122 et
930 4057 1112 4124 viderunt
1148 4065 1235 4144 post
1263 4065 1324 4130 W.

281 4175 526 4238 Muscasve,
556 4164 671 4228 Mart.
701 4161 877 4243 Lrsrea,
909 4161 1108 4238 Hatera,
1138 4165 1322 4242 Foccrx,

279 4275 447 4339 Horren
470 4271 539 4331 etc.
557 4285 645 4330 eum
663 4267 871 4334 humorum
891 4267 938 4332 ab
959 4265 1090 4331 indico
1110 4264 1153 4332 in
1170 4265 1320 4356 ventri-
