2912 5000
573 33 583 67 l

465 359 516 414 ιτ
541 357 916 413 ssucurrrcarrous.
1148 353 1215 434 4⁰5

165 493 430 572 substantiae,
451 499 489 559 at
511 491 661 578 corpori
693 489 876 576 organico
899 490 947 558 ad
969 497 1115 559 certum
1147 491 1215 558 ad·

167 601 392 668 similantur
413 594 595 684 gradum,
616 595 679 660 vel
699 595 994 692 inquilinae
1013 595 1214 674 materias,

162 707 294 786 partae
315 699 527 788 organiami
559 698 861 776 constituentes,
882 697 1151 776 resolvuntur,
1176 703 1216 764 et

163 795 209 868 'in
231 801 431 888 sanguinis
459 821 651 882 massam,
680 801 781 872 unde
812 805 940 868 crtum
970 799 1215 880 habuerunt,

165 905 412 972 reducuntur.
454 903 787 988 Quemadmodum
818 907 996 970 externae
1034 904 1215 972 substan·
1296 887 1303 900 ’

166 1009 247 1076 tiae
277 1028 346 1094 pro
375 1009 528 1074 ratione
561 1009 796 1096 qualitatum
821 1026 977 1088 auarum
1010 1005 1215 1078 difficilius

167 1118 236 1180 aut
271 1111 428 1180 facilius
469 1114 755 1194 insorbentur,
787 1115 991 1202 ipsumque
1030 1131 1215 1182 vasorum

163 1217 500 1304 lymphaticorum
524 1225 696 1306 systema
715 1217 826 1285 varia
846 1217 951 1284 vitae
972 1217 1132 1302 periodo
1158 1219 1217 1284 di·

167 1339 318 1386 vaccam
347 1320 479 1406 prodit
507 1321 703 1408 energiam
725 1321 743 1404 (
757 1327 785 1400 ς.
808 1337 878 1402 171.
894 1317 932 1404 )‚
957 1319 1014 1386 ita
1037 1327 1076 1385 et
1095 1341 1216 1388 resor-

164 1423 251 1512 ptio
280 1420 663 1514 (readsimililatio)
697 1423 885 1492 materias
928 1424 1134 1508 organicae
1171 1426 1215 1490 in

164 1527 344 1614 partibus
380 1527 543 1596 diversio
582 1535 620 1594 et
656 1529 777 1596 variis
809 1530 879 1596 sub
912 1527 1215 1598 circumstantiis
1334 1617 1337 1626 ι

162 1635 277 1702 varia
295 1633 471 1720 procedit
494 1655 579 1700 cum
602 1635 838 1704 intensione.
862 1637 935 1702 Eae
952 1641 1082 1720 parter
1095 1677 1105 1714 ,
1119 1655 1216 1722 quas

163 1741 338 1826 plurima
374 1741 543 1828 gaudent
583 1745 661 1808 tela
693 1743 908 1824 callulosa,
941 1743 989 1810 ob
1023 1742 1217 1810 rationem

163 1847 272 1930 prius
294 1843 346 1932 (ς.
366 1845 468 1932 380.)
502 1843 733 1922 adductam,
762 1847 919 1912 facilius
940 1845 1212 1926 resorbentur,

165 1959 332 2040 suntque
356 1969 440 2016 cum
461 1949 533 2025 iis,
556 1967 653 2036 quae
683 1951 767 2016 sola
794 1949 874 2016 iere
900 1943 1075 2036 palatina
1094 1955 1132 2016 et
1160 1951 1217 2014 al·
1245 1939 1247 1946 ⁴

164 2053 324 2120 humina
356 2059 659 2138 componuntur,
689 2073 786 2140 aqua
819 2073 947 2124 caroso
970 2053 1133 2120 humore
1158 2055 1219 2118 fa·

162 2157 313 2222 cillima
343 2156 613 2238 resolvuntur,
641 2155 1075 2242 permutationi'magis
1099 2145 1218 2222 obno-

164 2259 275 2338 xias,
299 2263 622 2346 quamtsxturae
652 2259 833 2326 librosac.
872 2260 1132 2326 Rescrbsntur
1157 2265 1218 2326 ta·

163 2383 254 2430 men
279 2367 317 2428 st
339 2361 438 2428 alias
458 2367 607 2448 partas,
630 2361 773 2429 flbrcso
787 2363 980 2448 principio
1009 2365 1216 2438 contentas,

164 2467 322 2552 sanguia
354 2461 522 2544 alfusus,
551 2485 676 2546 vaca,
700 2465 869 2532 musculi
899 2471 1001 2542 etat
1028 2483 1097 2530 nec
1119 2485 1218 2552 ¹ossa

168 2570 287 2648 dura,
300 2569 384 2636 calx
404 2570 689 2656 phosphorica,
702 2576 742 2636 st
760 2570 846 2654 ipsa
865 2567 1047 2642 metalla,
1066 2566 1217 2652 longic-

163 2696 205 2746 ra
226 2679 401 2760 tempora
421 2673 598 2759 partibus
628 2675 821 2760 organicis
849 2673 1047 2759 impacta,
1068 2675 1114 2736 ut
1139 2671 1213 2736 lra-

163 2796 285 2864 quena
316 2777 427 2845 docet
458 2775 703 2877 observatio,
736 2795 917 2846 vasorum
948 2771 1213 2866 lymphatico·

107 2891 111 2902 '
163 2899 250 2948 rum
269 2880 458 2946 resistunt
479 2881 668 2966 energiae.

246 3023 354 3106 ipsas
383 3027 515 3090 tamen
552 3021 741 3089 materias
775 3021 949 3090 diversas
980 3027 1041 3092 ut¹
1062 2977 1215 3124 stimuli

161 3131 284 3214 agunt
302 3125 344 3196 in
369 3147 461 3195 vaca
488 3127 984 3214 lymphaticaseorumque
1014 3125 1214 3192 concitant

162 3227 361 3316 energiam
386 3273 397 3308 ‚
422 3229 605 3296 hactenus
629 3274 640 3310 ,
666 3233 711 3294 ut
753 3229 969 3296 differentes
1002 3225 1217 3295 admodum·

163 3334 427 3413 substantiae,
451 3329 618 3418 adeoque
646 3332 808 3398 nocivae
821 3375 834 3409 ,
863 3331 964 3397 oetia
988 3349 1120 3398 sorum
1143 3352 1212 3398 va·

162 3453 294 3498 eorum
326 3434 506 3500 contrahi
534 3435 701 3510 faciant,
724 3437 792 3498 nec
823 3433 940 3506 facils
974 3433 1211 3502 absorbean-

162 3543 239 3602 tur.
262 3537 321 3602 Sic
343 3538 446 3604 enim
467 3537 631 3616 accidit,
652 3545 697 3606 ut
719 3537 764 3604 da
786 3537 865 3602 bile
889 3543 927 3602 et
947 3537 1061 3604 urina
1091 3558 1211 3624 aquo·

162 3645 406 3706 sectantum
435 3640 649 3724 particulae
679 3639 942 3724 recipiantur,
968 3639 1112 3706 relictis
1142 3639 1212 3720 iis,

162 3762 263 3830 quaa
286 3745 484 3814 eliminari
510 3743 638 3832 potius
667 3745 830 3826 debent;
850 3744 903 3812 sic
925 3745 1047 3812 etiam
1076 3743 1144 3835 fit,
1167 3745 1212 3806 ut

161 3870 313 3916 venena
332 3851 481 3917 acriora
504 3873 526 3918 a
547 3851 648 3917 vasis
678 3847 974 3918 absorbentibus
1004 3846 1211 3914 excludan-

161 3961 248 4034 tur,
272 3959 311 4020 et
330 3952 511 4020 viderunt
539 3959 786 4022 Assaracon
815 3959 853 4022 et
874 3955 1052 4028 Nicrum,
1072 3964 1211 4036 ortyga-¹

161 4057 273 4126 nium
291 4058 388 4124 atris
412 4058 949 4142 atmosphaericiavidissime
972 4055 1214 4138 absorptum,
1278 4091 1281 4107 ·

162 4159 313 4228 azotice
336 4163 423 4253 adra
450 4161 531 4228 fare
552 4164 716 4229 excluso.
747 4155 1090 4246 Pdrgunt'quidem
1113 4156 1208 4222 haec

159 4279 253 4334 'aaa
274 4285 297 4330 a
316 4268 440 4334 morte
464 4263 590 4332 adhuc
610 4265 763 4336 sorbere
781 4261 1018 4332 substantiae
1043 4259 1210 4350 liquidas
