2922 4996
283 412 343 488 138
384 399 511 468 Lrs.1.
532 396 951 464 car.II.Dnarrunur.
970 409 1227 462 morsi-rous.

280 573 338 618 res
359 549 662 622 labefactentur,
684 548 844 630 chymus
872 545 977 610 haud
999 543 1128 610 debite
1149 551 1317 629 paretur,

281 655 416 737 chylus
438 652 487 714 ab
511 671 554 714 eo
575 654 901 740 nonfsaparatur,
925 649 1076 732 ingesta
1095 669 1164 732 pro
1186 669 1318 730 corpo-

279 759 333 824 ris
357 756 571 822 nutritione
602 754 764 818 minime
795 759 993 837 aptentur,
1018 760 1055 816 st
1081 753 1318 835 peculiarem

279 867 489 947 sequantur
521 859 807 942 corruptionem
832 897 843 932 ,
872 857 972 924 unde
1003 859 1127 922 faeces
1164 859 1319 926 alvinae

280 968 393 1032 albae
417 964 659 1042 ‚redduntun
688 961 963 1047 putridumque
987 962 1139 1046 spirant
1160 961 1318 1026 odoram

278 1071 334 1153 ⁸).
357 1067 531 1154 Quanam
559 1068 705 1131 ratione
725 1066 757 1129 is
783 1069 918 1132 humor
948 1065 990 1130 in
1011 1067 1193 1157 thymum
1215 1071 1318 1150 agat,

270 1171 375 1234 alibi
396 1170 620 1254 diligentius
643 1168 973 1254 disquiremus;id
994 1173 1122 1232 autem
1144 1172 1317 1250 praeter-

276 1273 333 1338 ire
359 1275 437 1336 'non
463 1289 662 1356 possumus
684 1314 695 1348 ‚
719 1273 840 1336 bilem
867 1271 1111 1338 habitualem.
1143 1293 1223 1338 esse
1243 1273 1316 1336 sti·

278 1375 427 1442 mulum
452 1371 472 1455 (
485 1383 514 1451 §.
534 1385 586 1456 74.
607 1375 666 1440 VI.
681 1375 721 1460 ),
740 1389 813 1460 quo
835 1375 1016 1439 intestini
1050 1374 1314 1456 peristalticus

278 1485 429 1554 motus,
450 1478 668 1544 functiones
689 1479 768 1560 ejus
796 1478 1006 1558 adjuvans,
1027 1479 1159 1548 cietur.
1192 1482 1231 1546 si
1251 1501 1316 1545 va-

190 1571 194 1586 ’
276 1607 319 1650 ro
340 1586 394 1648 fel
416 1606 437 1647 a
459 1603 526 1647 suo
559 1583 797 1648 aberraverit
826 1583 911 1646 loco
924 1623 935 1658 ,
966 1588 1154 1668 tanquam
1175 1584 1316 1648 stimu-

280 1688 340 1751 lus
371 1687 566 1763 insuetus,
585 1703 716 1771 graves
744 1691 833 1771 post
859 1707 897 1752 se
925 1686 1077 1752 trahere
1109 1690 1235 1770 potest
1260 1705 1317 1750 sa«

278 1789 410 1875 quales
434 1791 508 1874 **).

363 1935 473 2020 Quod
491 1937 714 2004 universam
734 1939 829 2004 facit
858 1939 1078 2006 secretionis
1103 1939 1183 2024 ejus
1207 1939 1318 2005 utili·

277 2043 419 2115 tatem,
439 2041 532 2104 haec
557 2041 598 2107 in
621 2063 663 2106 eo
687 2041 887 2132 consistit,
906 2049 954 2107 ¹ut
974 2045 1154 2128 sanguini
1181 2045 1313 2108 carbo·

276 2141 407 2216 nisum
438 2147 476 2206 at
501 2143 785 2228 hydrogenium
818 2145 1118 2224 subtrahantur,
1150 2167 1314 2234 cumque

275 2232 395 2306 bile'e
415 2239 570 2326 corpore
599 2247 860 2312 eliminentur.
894 2250 958 2312 Est
981 2249 1112 2333 itaque
1135 2251 1208 2324 fel,
1233 2249 1315 2332 pri·

278 2345 336 2408 ori
368 2353 540 2428 respectu
569 2353 737 2412 sumtum
757 2349 942 2434 ,humor
979 2352 1318 2437 inquilinus,

276 2449 352 2513 ista
371 2456 500 2514 autem
522 2453 673 2520 ratione
703 2455 1008 2534 consideratum,
1031 2480 1083 2524 ex
1097 2479 1115 2522 c
1127 2481 1145 2524 r
1158 2482 1177 2524 e
1188 2479 1226 2524 m
1242 2481 1314 2524 en-

275 2549 444 2614 titius
461 2553 509 2631 (§.
533 2557 644 2636 1⁰3·)·
669 2557 1028 2622 ObmovitB1cr1sr
1054 2548 1188 2626 ‘contra
1214 2561 1316 2645 phy·

275 2653 510 2736 siologorum
531 2647 805 2738 opinionem,
836 2680 911 2745 qua
941 2661 1131 2741 credunt,
1159 2665 1313 2749 hepatis
1413 2655 1416 2660 ¹

265 2734 472 2818 'functione
502 2756 666 2820 animali
692 2762 843 2844 corpori
869 2753 1105 2848 phlogistica
1134 2765 1314 2830 subtrahi

273 2859 490 2940 principia,
520 2857 774 2927 difficultates
804 2866 977 2951 aliquas,
1010 2875 1047 2932 et
1076 2869 1158 2953 ipse
1191 2853 1312 2942 etiam

274 2961 341 3025 cel.
361 2965 862 3049 Tuuvrsnuusnuperrima
886 2971 1046 3034 eandem
1066 2973 1313 3037 resuscitavit

274 3067 539 3152 quaestionem
569 3071 629 3148 a),
656 3067 805 3145 dicens,
825 3073 937 3156 longe
968 3074 1154 3156 majorem
1177 3076 1311 3140 carbo·

272 3167 353 3240 nici
385 3175 423 3234 et
457 3167 688 3254 hydrogenii
727 3175 987 3258 quantitatem
1025 3196 1112 3242 cum
1146 3181 1313 3256 materia

271 3273 546 3356 perspirabili,
570 3295 730 3366 cumque
761 3279 876 3345 urina
907 3283 1127 3360 eliminari,
1150 3286 1219 3349 has
1251 3307 1312 3357 err·¹

273 3376 461 3442 crationes
499 3377 614 3442 facile
646 3385 684 3441 et
714 3387 892 3462 potenter
918 3395 1029 3467 posse
1055 3389 1211 3472 augeri,
1243 3407 1311 3452 nec

271 3486 352 3552 tam
384 3496 524 3560 magno
559 3483 715 3563 tamque
751 3485 963 3566 composito
1000 3509 1165 3574 organo,
1199 3493 1312 3575 quale

272 3579 392 3662 hepar
413 3587 488 3656 est,
508 3598 576 3662 pro
610 3604 655 3646 ea
682 3584 1067 3670 dephlogistisatione
1098 3613 1191 3676 opus
1217 3613 1311 3666 esse.

271 3683 323 3756 lis
343 3692 473 3750 tamen
495 3689 853 3767 observationibus,
874 3712 966 3778 quas
998 3699 1114 3779 paulo
1144 3705 1233 3762 ante
1256 3703 1312 3786 (ς,

272 3791 471 3872 aqu-295.)
496 3792 749 3870 adduximus,
777 3795 818 3861 in
841 3799 1187 3874 consider-ationem
1210 3823 1315 3876 sum·

273 3891 348 3968 tis,
370 3893 520 3958 nullum
541 3894 701 3962 dubium
734 3901 928 3982 superesse
961 3904 1148 3974 credimus
1161 3946 1171 3982 ‚
1193 3908 1316 3996 hspes,

272 3995 326 4058 tis
351 3997 591 4062 functionem
615 4019 697 4064 cum
711 4005 934 4084 pulmonum
959 4009 1095 4074 officiis
1125 4011 1313 4094 quodam-

274 4097 388 4163 modo
411 4119 631 4184 congruere,
656 4111 694 4168 et
712 4107 884 4192 aliquam
902 4133 1006 4192 esse,
1024 4114 1061 4183 si,
1078 4111 1211 4179 officia
1229 4134 1315 4197 spe-

217 4239 222 4248 ·
275 4207 442 4278 stemus,
461 4203 564 4267 inter
584 4225 722 4270 venam
745 4218 943 4292 portarum
965 4221 1002 4278 et
1021 4218 1205 4282 arteriam
1225 4218 1313 4300 pul·

276 4307 471 4387 moralem
513 4309 769 4394 analogiam,
801 4321 914 4398 prout
954 4319 1095 4386 arteria
1131 4321 1314 4406 hepatice
