2922 4996
280 439 340 502 130
383 408 1237 488 Lrn.1.cir.11.Drscrurumnsourroun.

359 557 572 643 Quantitas
589 551 703 628 bilis,
726 537 821 636 quae
855 551 960 614 intra
983 555 1130 614 certum
1156 557 1315 636 tempus

275 672 319 735 in
340 663 497 730 homine
518 655 872 734 secernatur,·licet
900 673 984 724 eam
1003 655 1106 718 varii
1126 654 1204 738 jam
1236 657 1315 720 cal-

277 768 498 840 culaverint
525 759 747 846 physiologi
765 756 915 838 ,variis
945 758 1005 820 usi
1034 759 1315 824 observationi·

274 879 345 941 hus
382 877 476 956 ”),
511 863 764 934 determinari
798 860 873 926 rite
919 861 1024 926 haud
1067 867 1204 946 potest.
1250 847 1345 927 Et·'

277 978 382 1042 enim
401 969 599 1036 ineodem
616 963 817 1032 individuo
842 962 995 1030 diverso
1018 971 1208 1052 tempore,
1227 985 1316 1048 pro-

275 1081 320 1146 ut
338 1075 448 1144 varia
474 1097 512 1138 se
535 1060 750 1136 ¹habuerint
780 1072 1037 1153 adminicula,
1061 1074 1315 1138 secretionem

274 1179 542 1266 perficientia,
575 1182 691 1258 prout
727 1174 921 1256 principia
948 1171 1182 1258 phlogistioa
1211 1175 1318 1238 intra

277 1302 413 1366 corpus
436 1283 550 1343 aucta
570 1284 637 1340 aut
665 1275 858 1339 diminuta
882 1276 1048 1352 fuerint,
1069 1275 1224 1362 ipsaque
1255 1279 1316 1341 ol-

273 1390 394 1453 ficina
425 1383 691 1465 cholopoiitica
726 1363 805 1463 per¹
830 1388 959 1443 causas
1001 1387 1123 1445 certas
1157 1383 1315 1466 energia

274 1493 447 1556 exaltata
474 1486 537 1551 vel
570 1485 746 1566 depressa
782 1483 1000 1557 exstiterit,
1032 1483 1142 1566 copia
1179 1487 1316 1549 secreti

272 1590 451 1658 humoris
484 1586 692 1670 augebitur
712 1585 775 1646 vel
808 1583 1058 1649 diminuetur.
1092 1584 1315 1669 Pathologi-

274 1720 339 1762 cae
369 1697 487 1758 etiam
515 1693 654 1755 docent
689 1688 1009 1767 observationes,
1033 1709 1148 1774 quam
1178 1691 1315 1754 multis

274 1821 319 1864 ea
339 1795 499 1864 secretio
521 1791 689 1857 obnoxia
710 1791 761 1853 sit
781 1790 822 1852 in
845 1793 1065 1876 quantitate
1087 1799 1125 1856 et
1142 1793 1313 1911 qualita-
1424 1803 1429 1812 '

274 1908 313 1966 te
335 1895 641 1977 mutationibus,
665 1893 781 1968 adeo,
801 1898 845 1957 ut
864 1894 984 1957 bilem
1006 1916 1028 1958 a
1050 1895 1170 1960 causis
1194 1897 1315 1961 variis

200 2051 204 2060 .
277 2003 408 2068 subito
428 1998 605 2071 mutari,
615 1997 766 2080 ejusque
785 1995 1033 2060 secretionem
1054 1997 1116 2060 vel
1146 1997 1315 2063 nimiam

271 2095 382 2173 'reddi
396 2149 408 2184 ,
429 2101 490 2166 vel
506 2101 628 2164 ferme
653 2099 824 2164 cohiberi
852 2099 1012 2164 videas.
1028 2101 1222 2184 Insignem
1245 2123 1314 2166 au·

270 2195 350 2276 tem
371 2209 471 2272 hanc
492 2225 567 2268 asse
587 2203 860 2280 secretionem,
883 2207 967 2266 tum
990 2225 1034 2269 ex
1053 2205 1136 2287 ipsa
1156 2207 1313 2290 sangui·

270 2317 333 2386 nis
366 2313 497 2396 copia,
517 2329 613 2395 quae
635 2309 683 2372 ad
713 2310 832 2390 hepar
865 2309 1059 2388 defertur,
1085 2316 1171 2374 tum
1200 2333 1219 2375 e
1244 2335 1313 2377 va·

270 2437 402 2483 sorum
423 2415 669 2478 biliferorum
689 2413 901 2494 capacitate
921 2412 1051 2495 colligi
1078 2419 1230 2494 potest;
1252 2437 1315 2478 ex·

271 2525 493 2610 perimente
529 2518 616 2582 dein
646 2515 950 2601 Malpighii,
978 2515 1201 2598 Wepferi
1238 2525 1314 2588 etc.

273 2625 512 2697 ostendunt,
541 2620 666 2683 viscus
703 2619 1023 2700 grandissimum,
1054 2617 1165 2702 quale
1194 2618 1315 2702 hepar

272 2736 330 2794 est
341 2771 353 2806 ,
367 2742 549 2807 magnam
567 2719 743 2789 humoris
766 2719 1025 2806 quantitatem
1048 2739 1194 2802 parare.
1219 2725 1314 2787 Cen-

271 2833 330 2894 set
357 2831 486 2889 autem
508 2824 734 2901 Hactcnus,
756 2822 804 2885 ad
824 2820 1205 2888 verisimilitudinem
1231 2845 1315 2888 ma-

271 2933 377 2998 xime
407 2926 620 3001 adsedere,
650 2926 684 2989 si
715 2920 1216 2991 R'everhorstianum
1251 2951 1314 2994 ex·

271 3035 534 3119 perimentum
556 3029 708 3092 incana
730 3028 877 3090 factum
895 3027 943 3090 ad
965 3027 1166 3093 hominem
1188 3033 1315 3114 appli-

274 3139 482 3206 cuerimus,
504 3149 577 3214 quo
598 3135 777 3213 apparet,
797 3129 897 3194 circa
917 3141 968 3206 24.
986 3131 1117 3196 uncias
1139 3133 1230 3196 hilis
1255 3136 1317 3198 in·

271 3245 336 3303 tra
355 3229 825 3320 nychthemerum'perari
839 3231 1023 3318 ·*),quae
1042 3239 1172 3299 tamen
1192 3218 1316 3320 quoh-

275 3341 370 3406 titas
397 3336 551 3411 nimia,-
585 3335 753 3400 normali
781 3337 902 3399 statui
927 3336 1030 3400 haud
1061 3341 1314 3421 conveniens,

273 3463 353 3508 esse
372 3438 537 3502 videtur.
560 3439 603 3500 ln
626 3438 806 3500 morboso
828 3443 959 3500 autem
979 3443 1083 3526 statu
1102 3441 1215 3524 longe
1230 3461 1314 3504 ma-

277 3547 336 3634 jor
356 3559 465 3626 saepe
483 3540 583 3606 fellis
605 3540 718 3625 copia
736 3542 950 3606 secernitur
970 3543 1028 3627 a).

361 3697 491 3775 Altera
515 3711 574 3770 est
603 3703 798 3790 quaestio,
818 3705 913 3768 olim
934 3704 1013 3790 jam
1037 3707 1253 3786 ventilata,
1277 3717 1317 3776 et

274 3803 394 3885 hodie
420 3804 551 3876 adhuc
576 3807 772 3872 nonnullis
808 3809 1060 3892 scriptoribus
1099 3810 1237 3874 dubia·
1271 3831 1318 3877 ex

272 3905 446 4010 'quonam
484 3907 686 3995 sanguine
699 3909 789 3974 bilis
818 3917 996 3994 paretur,
1030 3932 1079 3976 an
1107 3935 1127 3976 e
1153 3913 1316 3980 humore

276 4046 398 4093 venae
417 4022 639 4106 portarum,
662 4033 710 4076 an
715 4035 818 4108 vero
844 4037 888 4080 ex
916 4016 1081 4080 arteriae
1111 4016 1316 4101 hepaticus

172 4169 177 4186 ,
278 4105 492 4210 sanguine?
512 4115 621 4179 Dixit
641 4073 734 4183 olim
755 4118 916 4182 SYLVIUS
928 4157 939 4192 ‚
959 4116 1088 4192 bilem
1096 4139 1140 4180 ex
1161 4119 1316 4191 arteriis

278 4219 411 4301 nasci,
437 4200 628 4308 siquidem
652 4217 809 4306 ubique
838 4219 1016 4332 humores
1050 4240 1094 4284 ex
1125 4219 1311 4288 arterioso

851 4377 858 4395 Ι

780 4403 785 4416 Ι
839 4405 858 4436 ,1
914 4429 920 4438 ι
997 4399 1002 4427 ⁸

874 4453 926 4468 mm
