2956 4996
272 359 420 428 ssent.
436 357 496 422 Du
516 365 690 423 onosma
709 365 854 418 sensu
872 363 1130 418 ouoaumcus.
1171 361 1234 434 clo

270 479 523 569 crediderunt
543 495 664 584 aliqui
685 501 847 560 naturae
868 499 1118 572 scrutatores,
1131 491 1235 580 quod

183 605 305 694 piscas'
327 621 466 721 aquam
491 603 531 666 in
560 620 629 664 sua
655 598 866 686 sejungant
887 593 1105 680 principia,
1133 595 1232 678 eius·

149 693 162 710 ⁵
186 731 259 798 que
282 707 516 794 oxygonium
540 703 762 788 attrahant3
786 692 1062 786 experimentis
1087 707 1233 776 tamen,

185 837 207 882 a
228 807 1234 886 Dossenni,Pa1asacsu‚conusnon1,Sucvasrsn

184 921 223 982 at
254 917 370 981 Dm
403 911 620 986 institutis,
644 909 812 974 evictum
841 909 998 992 penitus
1033 915 1114 988 est,
1146 909 1230 974 ani·

182 1020 305 1088 maiia
323 1019 418 1082 haec
438 1019 583 1080 certam
608 1012 707 1077 adria
732 1011 1034 1096 atmoephaerici
1055 1011 1231 1096 copiam,

182 1143 281 1210 quae
315 1141 434 1206 aquae
464 1117 639 1184 immista
660 1115 733 1194 sit,
754 1117 912 1182 omnino
944 1119 1137 1205 requirere
1168 1117 1232 1199 v).

182 1231 221 1296 si
243 1230 348 1294 enim
370 1229 491 1312 pisces
513 1227 554 1290 in
576 1245 674 1312 aqua
694 1231 915 1303 serventur,
931 1225 978 1291 ab
1001 1221 1107 1290 omni
1129 1222 1231 1290 airis

180 1353 328 1398 acceeeu
355 1324 553 1412 sejuncta,
576 1331 638 1394 vel
658 1328 690 1392 si
711 1328 846 1394 eadem
867 1321 933 1413 per
955 1327 1229 1394 ebullitionem

181 1440 270 1502 adra
292 1437 472 1520 privata,
494 1440 562 1499 aut
580 1431 614 1496 si
637 1433 724 1496 «ὅτε
751 1431 1036 1532 irrespirabili,
1055 1433 1227 1508 uzetico,
1278 1429 1283 1440 “

177 1538 442 1626 hydrogsnio,
454 1537 562 1605 acido
582 1537 785 1602 carbonico
802 1536 1073 1620 impraegnata
1095 1535 1229 1612 fuecit,

179 1661 270 1708 mox
305 1645 476 1726 pereunt.
529 1621 679 1708 Ducant
711 1659 800 1706 vero
838 1640 962 1705 multo
995 1629 1164 1716 diutius,
1192 1639 1228 1704 ei

181 1750 350 1812 stratum
373 1747 472 1812 airis
496 1745 685 1832 oxygonii
700 1763 839 1832 aquam
860 1743 1141 1832 tetigerit,qui
1164 1745 1229 1812 de·
1249 1733 1253 1744 ’

4 1891 6 1910 ,
122 1926 125 1939 Ι
179 1867 286 1916 mum
319 1849 359 1912 in
369 1847 545 1914 a'cidum
579 1850 827 1914 carbonicum
853 1869 920 1932 par
953 1851 1076 1934 pisces
1104 1850 1226 1936 caepi,

179 1959 309 2024 rantes
338 1959 526 2018 mutatur.
560 1953 682 2052 Citipe
714 1961 844 2016 autem
866 1961 1028 2036 pereunt
1057 1957 1128 2022 sub
1158 1955 1226 2021 iis·

179 2056 267 2124 dam
289 2057 593 2130 circumstantiis
616 2078 735 2122 sanas
756 2077 874 2144 quam
897 2059 1031 2142 pisces.

587 2159 592 2193 l

264 2221 379 2288 Multi
401 2228 491 2286 sunt
516 2221 658 2306 pisces,
679 2219 747 2307 qui
774 2225 927 2306 praeter
949 2241 1094 2308 organa
1120 2222 1224 2290 dicta

179 2323 349 2392 vesica
370 2325 539 2410 gaudent
561 2323 842 2400 natatoria,
876 2323 1046 2410 simplici
1067 2327 1131 2392 vel
1155 2325 1226 2392 du·

175 2429 298 2514 plici,
320 2429 361 2491 in
376 2449 475 2518 pcavo
505 2429 738 2494 thoracio'et
759 2425 981 2494 abdominis
1007 2431 1118 2518 juxta
1145 2430 1224 2514 spi-

176 2553 269 2598 nam
304 2531 407 2596 dorei
435 2533 585 2622 posita,
617 2541 654 2598 st
682 2551 961 2620 nonnunquam
991 2555 1061 2618 ope
1089 2521 1241 2601 ductus

175 2635 413 2720 pneumatici
445 2655 530 2702 cum
560 2638 777 2722 oesophago
812 2642 880 2702 eut
912 2637 1130 2702 ventriculo
1161 2657 1223 2702 co·

173 2741 368 2806 haerente.
402 2729 559 2805 Constat
580 2741 674 2804 haec
705 2739 854 2816 vesica,
879 2745 923 2804 ut
956 2740 1222 2805 Tsevsassue
1275 2753 1279 2760 '

174 2845 385 2930 comperit,
407 2845 551 2932 pagina
584 2845 755 2932 duplici,
780 2848 841 2911 cui
871 2865 1006 2931 corpus
1035 2845 1220 2920 rubrum,

172 2951 276 3016 vasis
295 2949 525 3034 sanguiferis
550 2947 785 3028 conflatum,
808 2948 1058 3034 interjectum
1083 2953 1139 3012 ast
1162 2952 1225 3035 x).

173 3053 247 3119 Ubi
269 3075 403 3138 corpus
423 3051 462 3118 id
481 3053 723 3118 vasculoenm
755 3053 883 3129 adest,
906 3053 999 3118 solis
1019 3053 1225 3140 Muraenie

173 3161 368 3241 exceptis,
388 3157 517 3223 vesica
539 3157 739 3224 natatoria
760 3157 931 3241 undiquc
947 3157 1078 3222 clausa
1102 3159 1224 3223 cerni·

172 3267 258 3340 tuc3
278 3260 318 3324 in
347 3260 436 3324 aliis
464 3267 594 3325 autem
628 3259 762 3325 ductus
795 3261 908 3326 adest
933 3263 1223 3345 pneumaticus,

174 3369 214 3428 et
235 3363 459 3427 membrano
481 3363 630 3428 vesicae
658 3363 1087 3488 copiosisperrsptatur
1116 3367 1220 3430 vasis

172 3467 418 3552 sanguiserie.
442 3469 677 3551 Reponitur
667 3491 708 3534 ιη
737 3489 781 3532 aa
802 3489 932 3535 vesica
955 3491 1040 3546 aar,
1063 3491 1153 3556 qui
1176 3477 1261 3552 ut·
1331 3465 1334 3473 ’

171 3574 376 3655 probabile
403 3579 480 3652 est,
500 3593 567 3692 per
599 3591 735 3657 corpus
757 3573 856 3640 illud
885 3575 1132 3642 vasculosum
1162 3599 1221 3640 se·

172 3677 366 3756 cernitur,
386 3679 447 3743 vel
467 3701 557 3744 vero
580 3699 649 3763 per
675 3680 829 3744 ductum
850 3681 1185 3764 pneumaticum,
1187 3681 1220 3744 ei

171 3779 263 3842 talis
286 3779 414 3856 adest,
439 3801 483 3846 ex
510 3782 726 3866 oesophago
750 3788 820 3847 aut
845 3783 1064 3850 ventriculo
1086 3805 1129 3849 eo
1159 3775 1221 3848 de-

171 3877 306 3944 fertur.
340 3867 621 3965 Experimentis
639 3883 665 3948 B
680 3885 693 3948 i
707 3901 727 3947 o
740 3889 756 3948 t
770 3885 783 3948 i
798 3903 856 3956 en
868 3884 910 3950 ie
932 3883 1130 3966 innotuit,
1155 3887 1219 3949 ab·-

170 3999 255 4052 rem
284 3982 385 4047 hunc
407 3979 517 4067 saepe
545 4003 639 4067 pura
664 3987 852 4052 azoticum
884 4007 985 4066 esse,
1016 3987 1113 4050 alias
1133 4009 1221 4053 veno

171 4087 404 4171 oxygenium
432 4087 642 4154 admistum
671 4095 785 4156 tanta
821 4089 934 4174 copia
964 4089 1148 4173 reperiri,
1174 4077 1217 4156 ut
1287 4083 1293 4095 “

170 4191 298 4290 87ssoo
318 4191 435 4279 plane
454 4195 689 4294 constituat3
711 4185 776 4261 adr
795 4193 1057 4284 hydrogsnius
1088 4191 1220 4282 delegi

612 4463 843 4544 .'s,.
