<?xml version="1.0" encoding="UTF-8"?>
<!DOCTYPE html PUBLIC "-//W3C//DTD XHTML 1.0 Transitional//EN"
    "http://www.w3.org/TR/xhtml1/DTD/xhtml1-transitional.dtd">
<html xmlns="http://www.w3.org/1999/xhtml" xml:lang="en" lang="en">
 <head>
  <title>
</title>
<meta http-equiv="Content-Type" content="text/html;charset=utf-8" />
  <meta name='ocr-system' content='tesseract 3.04.00' />
  <meta name='ocr-capabilities' content='ocr_page ocr_carea ocr_par ocr_line ocrx_word'/>
</head>
<body>
  <div class='ocr_page' id='page_1' title='image "./physiologiamedi03lenhgoog_0379.png"; bbox 0 0 2912 5000; ppageno 0'>
   <div class='ocr_carea' id='block_1_1' title="bbox 276 353 1234 457">
    <p class='ocr_par' dir='ltr' id='par_1_1' title="bbox 276 353 1234 457">
     <span class='ocr_line' id='line_1_1' title="bbox 276 353 1234 457; baseline -0.01 -33"><span class='ocrx_word' id='word_1_1' title='bbox 276 375 340 442; x_wconf 59' lang='grc' dir='ltr'><strong>θρα</strong></span> <span class='ocrx_word' id='word_1_2' title='bbox 383 359 472 430; x_wconf 82' lang='lat' dir='ltr'><strong>Lm.</strong></span> <span class='ocrx_word' id='word_1_3' title='bbox 496 354 524 422; x_wconf 85' lang='lat'><strong>1.</strong></span> <span class='ocrx_word' id='word_1_4' title='bbox 545 357 639 422; x_wconf 75' lang='lat' dir='ltr'><strong>cnr.</strong></span> <span class='ocrx_word' id='word_1_5' title='bbox 662 353 721 418; x_wconf 91' lang='lat' dir='ltr'><strong>1v.</strong></span> <span class='ocrx_word' id='word_1_6' title='bbox 741 354 798 418; x_wconf 70' lang='lat' dir='ltr'><strong>Du</strong></span> <span class='ocrx_word' id='word_1_7' title='bbox 821 363 977 457; x_wconf 68' lang='lat' dir='ltr'><strong>scontr-</strong></span> <span class='ocrx_word' id='word_1_8' title='bbox 1000 364 1051 418; x_wconf 73' lang='lat' dir='ltr'><strong>ur</strong></span> <span class='ocrx_word' id='word_1_9' title='bbox 1074 363 1234 418; x_wconf 72' lang='lat' dir='ltr'><strong>uxoren.</strong></span> 
     </span>
    </p>
   </div>
   <div class='ocr_carea' id='block_1_2' title="bbox 270 495 1313 590">
    <p class='ocr_par' dir='ltr' id='par_1_2' title="bbox 270 495 1313 590">
     <span class='ocr_line' id='line_1_2' title="bbox 270 495 1313 590; baseline -0.005 -23"><span class='ocrx_word' id='word_1_10' title='bbox 270 503 428 568; x_wconf 82' lang='lat' dir='ltr'>renibus</span> <span class='ocrx_word' id='word_1_11' title='bbox 450 507 489 567; x_wconf 86' lang='lat' dir='ltr'><strong>et</strong></span> <span class='ocrx_word' id='word_1_12' title='bbox 509 501 641 568; x_wconf 84' lang='lat' dir='ltr'><strong>vesica</strong></span> <span class='ocrx_word' id='word_1_13' title='bbox 658 499 792 568; x_wconf 82' lang='lat' dir='ltr'><strong>variae</strong></span> <span class='ocrx_word' id='word_1_14' title='bbox 810 495 1100 590; x_wconf 81' lang='lat' dir='ltr'><strong>magnitudinis·</strong></span> <span class='ocrx_word' id='word_1_15' title='bbox 1115 503 1153 562; x_wconf 87' lang='lat' dir='ltr'><strong>et</strong></span> <span class='ocrx_word' id='word_1_16' title='bbox 1170 497 1313 582; x_wconf 77' lang='lat' dir='ltr'><strong>figurae</strong></span> 
     </span>
    </p>
   </div>
   <div class='ocr_carea' id='block_1_3' title="bbox 141 600 1316 691">
    <p class='ocr_par' dir='ltr' id='par_1_3' title="bbox 141 600 1316 691">
     <span class='ocr_line' id='line_1_3' title="bbox 141 600 1316 691; baseline -0.008 -16"><span class='ocrx_word' id='word_1_17' title='bbox 141 659 143 664; x_wconf 83' lang='lat'>-</span> <span class='ocrx_word' id='word_1_18' title='bbox 271 607 466 682; x_wconf 81' lang='lat' dir='ltr'><strong>diversae,</strong></span> <span class='ocrx_word' id='word_1_19' title='bbox 488 610 653 691; x_wconf 79' lang='lat' dir='ltr'><strong>suntque</strong></span> <span class='ocrx_word' id='word_1_20' title='bbox 682 601 1016 688; x_wconf 69' lang='lat' dir='ltr'><strong>frequentissimi,</strong></span> <span class='ocrx_word' id='word_1_21' title='bbox 1041 600 1158 676; x_wconf 87' lang='lat' dir='ltr'><strong>adeo,</strong></span> <span class='ocrx_word' id='word_1_22' title='bbox 1188 607 1239 666; x_wconf 87' lang='lat' dir='ltr'><strong>ut</strong></span> <span class='ocrx_word' id='word_1_23' title='bbox 1266 603 1316 687; x_wconf 74' lang='lat' dir='ltr'><strong>rst</strong></span> 
     </span>
    </p>
   </div>
   <div class='ocr_carea' id='block_1_4' title="bbox 271 705 1317 1106">
    <p class='ocr_par' dir='ltr' id='par_1_4' title="bbox 271 705 1317 1106">
     <span class='ocr_line' id='line_1_4' title="bbox 273 705 1316 789; baseline -0.005 -14"><span class='ocrx_word' id='word_1_24' title='bbox 273 710 542 786; x_wconf 77' lang='lat' dir='ltr'><strong>calculorum,</strong></span> <span class='ocrx_word' id='word_1_25' title='bbox 584 708 632 772; x_wconf 88' lang='lat' dir='ltr'><strong>ab</strong></span> <span class='ocrx_word' id='word_1_26' title='bbox 676 707 815 772; x_wconf 86' lang='lat' dir='ltr'><strong>iisdem</strong></span> <span class='ocrx_word' id='word_1_27' title='bbox 852 705 947 770; x_wconf 85' lang='lat' dir='ltr'><strong>viris</strong></span> <span class='ocrx_word' id='word_1_28' title='bbox 994 705 1316 789; x_wconf 75' lang='lat' dir='ltr'><strong>investigaturum</strong></span> 
     </span>
     <span class='ocr_line' id='line_1_5' title="bbox 271 807 1315 904; baseline -0.002 -28"><span class='ocrx_word' id='word_1_29' title='bbox 271 832 382 896; x_wconf 74' lang='lat' dir='ltr'><strong>pars,</strong></span> <span class='ocrx_word' id='word_1_30' title='bbox 406 814 507 880; x_wconf 86' lang='lat' dir='ltr'><strong>hanc</strong></span> <span class='ocrx_word' id='word_1_31' title='bbox 540 812 751 892; x_wconf 75' lang='lat' dir='ltr'><strong>respexerit</strong></span> <span class='ocrx_word' id='word_1_32' title='bbox 772 807 953 892; x_wconf 83' lang='lat' dir='ltr'><strong>speciem.</strong></span> <span class='ocrx_word' id='word_1_33' title='bbox 987 810 1194 876; x_wconf 80' lang='lat' dir='ltr'><strong>Solvuntur</strong></span> <span class='ocrx_word' id='word_1_34' title='bbox 1214 810 1315 904; x_wconf 74' lang='lat' dir='ltr'><strong>alca·</strong></span> 
     </span>
     <span class='ocr_line' id='line_1_6' title="bbox 271 911 1317 1004; baseline -0.002 -27"><span class='ocrx_word' id='word_1_35' title='bbox 271 915 373 982; x_wconf 84' lang='lat' dir='ltr'><strong>libus</strong></span> <span class='ocrx_word' id='word_1_36' title='bbox 395 912 503 988; x_wconf 84' lang='lat' dir='ltr'><strong>fixis,</strong></span> <span class='ocrx_word' id='word_1_37' title='bbox 527 933 647 997; x_wconf 84' lang='lat' dir='ltr'><strong>aquae</strong></span> <span class='ocrx_word' id='word_1_38' title='bbox 666 932 756 978; x_wconf 88' lang='lat' dir='ltr'><strong>vero</strong></span> <span class='ocrx_word' id='word_1_39' title='bbox 777 916 815 980; x_wconf 87' lang='lat' dir='ltr'><strong>et</strong></span> <span class='ocrx_word' id='word_1_40' title='bbox 835 911 978 987; x_wconf 87' lang='lat' dir='ltr'><strong>acidis,</strong></span> <span class='ocrx_word' id='word_1_41' title='bbox 996 911 1116 1004; x_wconf 76' lang='lat' dir='ltr'><strong>etiam</strong></span> <span class='ocrx_word' id='word_1_42' title='bbox 1142 911 1317 982; x_wconf 75' lang='lat' dir='ltr'><strong>fortiori·</strong></span> 
     </span>
     <span class='ocr_line' id='line_1_7' title="bbox 272 1012 730 1106; baseline -0.013 -23"><span class='ocrx_word' id='word_1_43' title='bbox 272 1012 602 1096; x_wconf 75' lang='lat' dir='ltr'><strong>bus,resistunt.‘</strong></span> <span class='ocrx_word' id='word_1_44' title='bbox 724 1097 730 1106; x_wconf 25' lang='grc'><em>’</em></span> 
     </span>
    </p>
   </div>
   <div class='ocr_carea' id='block_1_5' title="bbox 271 1151 1318 1673">
    <p class='ocr_par' dir='ltr' id='par_1_5' title="bbox 271 1151 1318 1673">
     <span class='ocr_line' id='line_1_8' title="bbox 357 1151 1316 1270; baseline -0.006 -24"><span class='ocrx_word' id='word_1_45' title='bbox 357 1183 400 1270; x_wconf 81' lang='lat' dir='ltr'><strong>u)</strong></span> <span class='ocrx_word' id='word_1_46' title='bbox 430 1178 508 1246; x_wconf 81' lang='lat' dir='ltr'><strong>Alii</strong></span> <span class='ocrx_word' id='word_1_47' title='bbox 542 1175 793 1244; x_wconf 85' lang='lat' dir='ltr'><strong>ammonio</strong></span> <span class='ocrx_word' id='word_1_48' title='bbox 822 1151 1206 1250; x_wconf 70' lang='lat' dir='ltr'><strong>urico&#39;constant,</strong></span> <span class='ocrx_word' id='word_1_49' title='bbox 1229 1179 1316 1242; x_wconf 86' lang='lat' dir='ltr'><strong>sunt</strong></span> 
     </span>
     <span class='ocr_line' id='line_1_9' title="bbox 273 1277 1316 1358; baseline -0.005 -7"><span class='ocrx_word' id='word_1_50' title='bbox 273 1286 398 1351; x_wconf 88' lang='lat' dir='ltr'><strong>colore</strong></span> <span class='ocrx_word' id='word_1_51' title='bbox 434 1281 869 1356; x_wconf 74' lang='lat' dir='ltr'><strong>moneo-albescente,</strong></span> <span class='ocrx_word' id='word_1_52' title='bbox 903 1286 1057 1346; x_wconf 85' lang='lat' dir='ltr'><strong>textura</strong></span> <span class='ocrx_word' id='word_1_53' title='bbox 1096 1277 1316 1358; x_wconf 77' lang='lat' dir='ltr'><strong>lamellose,</strong></span> 
     </span>
     <span class='ocr_line' id='line_1_10' title="bbox 272 1385 1316 1476; baseline -0.01 -20"><span class='ocrx_word' id='word_1_54' title='bbox 272 1410 386 1473; x_wconf 82' lang='lat' dir='ltr'><strong>saepe</strong></span> <span class='ocrx_word' id='word_1_55' title='bbox 412 1388 529 1454; x_wconf 84' lang='lat' dir='ltr'><strong>etiam</strong></span> <span class='ocrx_word' id='word_1_56' title='bbox 564 1387 747 1452; x_wconf 84' lang='lat' dir='ltr'><strong>cellulosa</strong></span> <span class='ocrx_word' id='word_1_57' title='bbox 765 1431 777 1466; x_wconf 86' lang='lat'><strong>,</strong></span> <span class='ocrx_word' id='word_1_58' title='bbox 805 1385 912 1452; x_wconf 86' lang='lat' dir='ltr'><strong>nullo</strong></span> <span class='ocrx_word' id='word_1_59' title='bbox 951 1385 1067 1456; x_wconf 81' lang='lat' dir='ltr'><strong>odore</strong></span> <span class='ocrx_word' id='word_1_60' title='bbox 1100 1393 1137 1450; x_wconf 86' lang='lat' dir='ltr'><strong>et</strong></span> <span class='ocrx_word' id='word_1_61' title='bbox 1169 1407 1316 1476; x_wconf 83' lang='lat' dir='ltr'><strong>sapore.</strong></span> 
     </span>
     <span class='ocr_line' id='line_1_11' title="bbox 271 1492 1318 1579; baseline -0.005 -18"><span class='ocrx_word' id='word_1_62' title='bbox 271 1500 380 1579; x_wconf 87' lang='lat' dir='ltr'><strong>Aqua</strong></span> <span class='ocrx_word' id='word_1_63' title='bbox 412 1494 565 1563; x_wconf 81' lang='lat' dir='ltr'><strong>fervida</strong></span> <span class='ocrx_word' id='word_1_64' title='bbox 594 1494 821 1572; x_wconf 89' lang='lat' dir='ltr'><strong>solvuntur,</strong></span> <span class='ocrx_word' id='word_1_65' title='bbox 842 1499 880 1556; x_wconf 90' lang='lat' dir='ltr'><strong>et</strong></span> <span class='ocrx_word' id='word_1_66' title='bbox 904 1492 1061 1556; x_wconf 84' lang='lat' dir='ltr'><strong>solvunt</strong></span> <span class='ocrx_word' id='word_1_67' title='bbox 1087 1513 1149 1556; x_wconf 87' lang='lat' dir='ltr'><strong>eos</strong></span> <span class='ocrx_word' id='word_1_68' title='bbox 1178 1493 1318 1563; x_wconf 82' lang='lat' dir='ltr'><strong>alcaiio</strong></span> 
     </span>
     <span class='ocr_line' id='line_1_12' title="bbox 271 1596 1316 1673; baseline 0 -11"><span class='ocrx_word' id='word_1_69' title='bbox 271 1599 352 1663; x_wconf 86' lang='lat' dir='ltr'><strong>fixa</strong></span> <span class='ocrx_word' id='word_1_70' title='bbox 370 1599 562 1673; x_wconf 82' lang='lat' dir='ltr'><strong>caustica,</strong></span> <span class='ocrx_word' id='word_1_71' title='bbox 585 1598 784 1662; x_wconf 80' lang='lat' dir='ltr'><strong>ammonio</strong></span> <span class='ocrx_word' id='word_1_72' title='bbox 804 1596 924 1661; x_wconf 83' lang='lat' dir='ltr'><strong>simul</strong></span> <span class='ocrx_word' id='word_1_73' title='bbox 944 1599 1108 1666; x_wconf 81' lang='lat' dir='ltr'><strong>evoluto.</strong></span> <span class='ocrx_word' id='word_1_74' title='bbox 1141 1601 1316 1668; x_wconf 87' lang='lat' dir='ltr'><strong>Occurrit</strong></span> 
     </span>
    </p>
   </div>
   <div class='ocr_carea' id='block_1_6' title="bbox 158 1701 849 1792">
    <p class='ocr_par' dir='ltr' id='par_1_6' title="bbox 158 1701 849 1792">
     <span class='ocr_line' id='line_1_13' title="bbox 158 1701 849 1792; baseline -0.016 -18"><span class='ocrx_word' id='word_1_75' title='bbox 158 1783 164 1792; x_wconf 49' lang='lat'>‚</span> <span class='ocrx_word' id='word_1_76' title='bbox 270 1701 366 1772; x_wconf 83' lang='lat' dir='ltr'><strong>haec</strong></span> <span class='ocrx_word' id='word_1_77' title='bbox 390 1702 531 1786; x_wconf 87' lang='lat' dir='ltr'><strong>species</strong></span> <span class='ocrx_word' id='word_1_78' title='bbox 554 1704 678 1766; x_wconf 85' lang='lat' dir='ltr'><strong>multo</strong></span> <span class='ocrx_word' id='word_1_79' title='bbox 709 1701 849 1766; x_wconf 83' lang='lat' dir='ltr'><strong>rarius.</strong></span> 
     </span>
    </p>
   </div>
   <div class='ocr_carea' id='block_1_7' title="bbox 274 1857 1363 2156">
    <p class='ocr_par' dir='ltr' id='par_1_7' title="bbox 274 1857 1363 2156">
     <span class='ocr_line' id='line_1_14' title="bbox 354 1857 1313 1944; baseline 0.004 -22"><span class='ocrx_word' id='word_1_80' title='bbox 354 1861 395 1944; x_wconf 86' lang='lat'><strong>3)</strong></span> <span class='ocrx_word' id='word_1_81' title='bbox 427 1859 966 1944; x_wconf 86' lang='lat' dir='ltr'><strong>Frequentiusinveniuntur</strong></span> <span class='ocrx_word' id='word_1_82' title='bbox 1000 1857 1139 1924; x_wconf 86' lang='lat' dir='ltr'><strong>calculi</strong></span> <span class='ocrx_word' id='word_1_83' title='bbox 1172 1861 1313 1926; x_wconf 84' lang='lat' dir='ltr'><strong>acido</strong></span> 
     </span>
     <span class='ocr_line' id='line_1_15' title="bbox 274 1947 1363 2044; baseline -0.003 -14"><span class='ocrx_word' id='word_1_84' title='bbox 274 1964 474 2031; x_wconf 82' lang='lat' dir='ltr'><strong>oxelico</strong></span> <span class='ocrx_word' id='word_1_85' title='bbox 511 1947 755 2040; x_wconf 84' lang='lat' dir='ltr'><strong>constantes,</strong></span> <span class='ocrx_word' id='word_1_86' title='bbox 788 1955 900 2044; x_wconf 76' lang='lat' dir='ltr'><strong>duri,</strong></span> <span class='ocrx_word' id='word_1_87' title='bbox 933 1947 1052 2028; x_wconf 87' lang='lat' dir='ltr'><strong>luridi</strong></span> <span class='ocrx_word' id='word_1_88' title='bbox 1088 1969 1156 2028; x_wconf 86' lang='lat' dir='ltr'><strong>aut</strong></span> <span class='ocrx_word' id='word_1_89' title='bbox 1182 1963 1317 2031; x_wconf 86' lang='lat' dir='ltr'><strong>brunei</strong></span> <span class='ocrx_word' id='word_1_90' title='bbox 1359 1981 1363 1988; x_wconf 89' lang='lat'>·</span> 
     </span>
     <span class='ocr_line' id='line_1_16' title="bbox 274 2067 1316 2156; baseline 0.002 -26"><span class='ocrx_word' id='word_1_91' title='bbox 274 2067 412 2132; x_wconf 87' lang='lat' dir='ltr'><strong>coloris</strong></span> <span class='ocrx_word' id='word_1_92' title='bbox 428 2112 437 2144; x_wconf 89' lang='lat'>‚</span> <span class='ocrx_word' id='word_1_93' title='bbox 455 2072 630 2131; x_wconf 81' lang='lat' dir='ltr'><strong>texturae</strong></span> <span class='ocrx_word' id='word_1_94' title='bbox 654 2075 896 2151; x_wconf 86' lang='lat' dir='ltr'><strong>compactae,</strong></span> <span class='ocrx_word' id='word_1_95' title='bbox 909 2067 1111 2152; x_wconf 84' lang='lat' dir='ltr'><strong>superficie</strong></span> <span class='ocrx_word' id='word_1_96' title='bbox 1133 2067 1316 2156; x_wconf 82' lang='lat' dir='ltr'><strong>inaequa-</strong></span> 
     </span>
    </p>
   </div>
   <div class='ocr_carea' id='block_1_8' title="bbox 220 2171 1425 2366">
    <p class='ocr_par' dir='ltr' id='par_1_8' title="bbox 220 2171 1425 2366">
     <span class='ocr_line' id='line_1_17' title="bbox 220 2171 1425 2248; baseline 0.002 -12"><span class='ocrx_word' id='word_1_97' title='bbox 220 2221 222 2228; x_wconf 54' lang='grc'>,</span> <span class='ocrx_word' id='word_1_98' title='bbox 270 2174 321 2248; x_wconf 90' lang='lat' dir='ltr'><strong>li,</strong></span> <span class='ocrx_word' id='word_1_99' title='bbox 336 2171 568 2236; x_wconf 80' lang='lat' dir='ltr'><strong>acuminatis</strong></span> <span class='ocrx_word' id='word_1_100' title='bbox 589 2178 656 2236; x_wconf 84' lang='lat' dir='ltr'><strong>aut</strong></span> <span class='ocrx_word' id='word_1_101' title='bbox 677 2174 894 2239; x_wconf 83' lang='lat' dir='ltr'><strong>rotundatis</strong></span> <span class='ocrx_word' id='word_1_102' title='bbox 916 2175 1139 2243; x_wconf 85' lang='lat' dir='ltr'><strong>eminentiis</strong></span> <span class='ocrx_word' id='word_1_103' title='bbox 1164 2171 1316 2241; x_wconf 78' lang='lat' dir='ltr'><strong>obsessa</strong></span> <span class='ocrx_word' id='word_1_104' title='bbox 1424 2213 1425 2232; x_wconf 34' lang='grc' dir='ltr'><strong>η</strong></span> 
     </span>
     <span class='ocr_line' id='line_1_18' title="bbox 271 2276 1425 2366; baseline 0.003 -26"><span class='ocrx_word' id='word_1_105' title='bbox 271 2276 575 2366; x_wconf 74' lang='lat' dir='ltr'><strong>(moritormes).</strong></span> <span class='ocrx_word' id='word_1_106' title='bbox 598 2279 741 2343; x_wconf 85' lang='lat' dir='ltr'><strong>Serrati</strong></span> <span class='ocrx_word' id='word_1_107' title='bbox 764 2277 921 2344; x_wconf 85' lang='lat' dir='ltr'><strong>odorem</strong></span> <span class='ocrx_word' id='word_1_108' title='bbox 948 2286 1133 2364; x_wconf 83' lang='lat' dir='ltr'><strong>spargunt</strong></span> <span class='ocrx_word' id='word_1_109' title='bbox 1161 2281 1318 2346; x_wconf 85' lang='lat' dir='ltr'><strong>seminis</strong></span> <span class='ocrx_word' id='word_1_110' title='bbox 1424 2319 1425 2328; x_wconf 60' lang='lat'>2</span> 
     </span>
    </p>
   </div>
   <div class='ocr_carea' id='block_1_9' title="bbox 269 2381 1319 2460">
    <p class='ocr_par' dir='ltr' id='par_1_9' title="bbox 269 2381 1319 2460">
     <span class='ocr_line' id='line_1_19' title="bbox 269 2381 1319 2460; baseline 0.002 -16"><span class='ocrx_word' id='word_1_111' title='bbox 269 2381 421 2459; x_wconf 71' lang='lat' dir='ltr'><strong>&#39;virilis3</strong></span> <span class='ocrx_word' id='word_1_112' title='bbox 446 2403 512 2446; x_wconf 89' lang='lat' dir='ltr'><strong>nec</strong></span> <span class='ocrx_word' id='word_1_113' title='bbox 543 2381 653 2446; x_wconf 82' lang='lat' dir='ltr'><strong>acide</strong></span> <span class='ocrx_word' id='word_1_114' title='bbox 683 2383 939 2460; x_wconf 81' lang='lat' dir='ltr'><strong>debilia‚neo</strong></span> <span class='ocrx_word' id='word_1_115' title='bbox 973 2382 1114 2452; x_wconf 83' lang='lat' dir='ltr'><strong>alcelia</strong></span> <span class='ocrx_word' id='word_1_116' title='bbox 1147 2383 1319 2448; x_wconf 84' lang='lat' dir='ltr'><strong>caustica</strong></span> 
     </span>
    </p>
   </div>
   <div class='ocr_carea' id='block_1_10' title="bbox 271 2485 1426 2674">
    <p class='ocr_par' dir='ltr' id='par_1_10' title="bbox 271 2485 1426 2674">
     <span class='ocr_line' id='line_1_20' title="bbox 273 2485 1426 2570; baseline 0.001 -22"><span class='ocrx_word' id='word_1_117' title='bbox 273 2507 335 2548; x_wconf 85' lang='lat' dir='ltr'><strong>eos</strong></span> <span class='ocrx_word' id='word_1_118' title='bbox 368 2488 553 2564; x_wconf 75' lang='lat' dir='ltr'><strong>solvunt3</strong></span> <span class='ocrx_word' id='word_1_119' title='bbox 582 2485 689 2554; x_wconf 89' lang='lat' dir='ltr'><strong>acido</strong></span> <span class='ocrx_word' id='word_1_120' title='bbox 723 2492 855 2550; x_wconf 86' lang='lat' dir='ltr'><strong>tamon</strong></span> <span class='ocrx_word' id='word_1_121' title='bbox 887 2488 1030 2552; x_wconf 88' lang='lat' dir='ltr'><strong>nitrico</strong></span> <span class='ocrx_word' id='word_1_122' title='bbox 1067 2491 1317 2560; x_wconf 74' lang='lat' dir='ltr'><strong>concontrato</strong></span> <span class='ocrx_word' id='word_1_123' title='bbox 1425 2567 1426 2570; x_wconf 8' lang='grc' dir='ltr'><strong>Ἴ</strong></span> 
     </span>
     <span class='ocr_line' id='line_1_21' title="bbox 271 2587 1426 2674; baseline 0 -22"><span class='ocrx_word' id='word_1_124' title='bbox 271 2589 504 2668; x_wconf 88' lang='lat' dir='ltr'><strong>solvuntur,</strong></span> <span class='ocrx_word' id='word_1_125' title='bbox 533 2595 570 2656; x_wconf 88' lang='lat' dir='ltr'><strong>et</strong></span> <span class='ocrx_word' id='word_1_126' title='bbox 601 2587 931 2672; x_wconf 83' lang='lat' dir='ltr'><strong>decomponuntur</strong></span> <span class='ocrx_word' id='word_1_127' title='bbox 966 2592 1033 2656; x_wconf 88' lang='lat' dir='ltr'><strong>vie</strong></span> <span class='ocrx_word' id='word_1_128' title='bbox 1059 2591 1226 2662; x_wconf 81' lang='lat' dir='ltr'><strong>humida</strong></span> <span class='ocrx_word' id='word_1_129' title='bbox 1254 2609 1318 2674; x_wconf 88' lang='lat' dir='ltr'><strong>per</strong></span> <span class='ocrx_word' id='word_1_130' title='bbox 1425 2601 1426 2612; x_wconf 62' lang='lat'>¹</span> 
     </span>
    </p>
   </div>
   <div class='ocr_carea' id='block_1_11' title="bbox 272 2693 645 2760">
    <p class='ocr_par' dir='ltr' id='par_1_11' title="bbox 272 2693 645 2760">
     <span class='ocr_line' id='line_1_22' title="bbox 272 2693 645 2760; baseline 0.011 -4"><span class='ocrx_word' id='word_1_131' title='bbox 272 2693 411 2759; x_wconf 78' lang='lat' dir='ltr'><strong>alcalia</strong></span> <span class='ocrx_word' id='word_1_132' title='bbox 431 2693 645 2760; x_wconf 80' lang='lat' dir='ltr'><strong>carbonice.</strong></span> 
     </span>
    </p>
   </div>
   <div class='ocr_carea' id='block_1_12' title="bbox 238 2850 1319 3964">
    <p class='ocr_par' dir='ltr' id='par_1_12' title="bbox 238 2850 1319 3964">
     <span class='ocr_line' id='line_1_23' title="bbox 352 2850 1316 2944; baseline 0.002 -30"><span class='ocrx_word' id='word_1_133' title='bbox 352 2851 395 2935; x_wconf 83' lang='grc'><strong>4)</strong></span> <span class='ocrx_word' id='word_1_134' title='bbox 411 2850 668 2934; x_wconf 84' lang='lat' dir='ltr'><strong>Reperiuntur</strong></span> <span class='ocrx_word' id='word_1_135' title='bbox 688 2851 910 2938; x_wconf 85' lang='lat' dir='ltr'><strong>frequenter</strong></span> <span class='ocrx_word' id='word_1_136' title='bbox 935 2856 1094 2932; x_wconf 79' lang='lat' dir='ltr'><strong>celeuil,</strong></span> <span class='ocrx_word' id='word_1_137' title='bbox 1107 2853 1174 2944; x_wconf 84' lang='lat' dir='ltr'><strong>qui</strong></span> <span class='ocrx_word' id='word_1_138' title='bbox 1192 2860 1316 2918; x_wconf 85' lang='lat' dir='ltr'><strong>stra·</strong></span> 
     </span>
     <span class='ocr_line' id='line_1_24' title="bbox 272 2956 1317 3042; baseline 0.001 -20"><span class='ocrx_word' id='word_1_139' title='bbox 272 2956 343 3022; x_wconf 82' lang='lat' dir='ltr'><strong>tis</strong></span> <span class='ocrx_word' id='word_1_140' title='bbox 372 2967 688 3042; x_wconf 87' lang='lat' dir='ltr'><strong>componuntur,</strong></span> <span class='ocrx_word' id='word_1_141' title='bbox 720 2964 867 3027; x_wconf 83' lang='lat' dir='ltr'><strong>acido</strong></span> <span class='ocrx_word' id='word_1_142' title='bbox 900 2962 1092 3028; x_wconf 83' lang='lat' dir='ltr'><strong>lithico</strong></span> <span class='ocrx_word' id='word_1_143' title='bbox 1130 2968 1167 3026; x_wconf 88' lang='lat' dir='ltr'><strong>et</strong></span> <span class='ocrx_word' id='word_1_144' title='bbox 1197 2959 1317 3028; x_wconf 84' lang='lat' dir='ltr'><strong>sali·</strong></span> 
     </span>
     <span class='ocr_line' id='line_1_25' title="bbox 272 3061 1318 3146; baseline 0.003 -23"><span class='ocrx_word' id='word_1_145' title='bbox 272 3061 362 3124; x_wconf 87' lang='lat' dir='ltr'><strong>bus</strong></span> <span class='ocrx_word' id='word_1_146' title='bbox 394 3061 767 3146; x_wconf 81' lang='lat' dir='ltr'><strong>phosphoricis</strong></span> <span class='ocrx_word' id='word_1_147' title='bbox 800 3065 1078 3130; x_wconf 80' lang='lat' dir='ltr'><strong>constantibus.</strong></span> <span class='ocrx_word' id='word_1_148' title='bbox 1124 3066 1318 3133; x_wconf 84' lang='lat' dir='ltr'><strong>Exhibent</strong></span> 
     </span>
     <span class='ocr_line' id='line_1_26' title="bbox 274 3163 1318 3246; baseline 0.004 -20"><span class='ocrx_word' id='word_1_149' title='bbox 274 3163 518 3236; x_wconf 70' lang='lat' dir='ltr'><strong>superficiem</strong></span> <span class='ocrx_word' id='word_1_150' title='bbox 548 3166 610 3229; x_wconf 89' lang='lat' dir='ltr'><strong>vel</strong></span> <span class='ocrx_word' id='word_1_151' title='bbox 641 3167 803 3244; x_wconf 83' lang='lat' dir='ltr'><strong>albam,</strong></span> <span class='ocrx_word' id='word_1_152' title='bbox 830 3177 1070 3246; x_wconf 85' lang='lat' dir='ltr'><strong>cretaceem‚</strong></span> <span class='ocrx_word' id='word_1_153' title='bbox 1098 3169 1318 3242; x_wconf 86' lang='lat' dir='ltr'><strong>friabilem,</strong></span> 
     </span>
     <span class='ocr_line' id='line_1_27' title="bbox 273 3266 1319 3355; baseline 0.004 -25"><span class='ocrx_word' id='word_1_154' title='bbox 273 3266 335 3330; x_wconf 81' lang='lat' dir='ltr'><strong>vol</strong></span> <span class='ocrx_word' id='word_1_155' title='bbox 355 3268 605 3348; x_wconf 78' lang='lat' dir='ltr'><strong>spathaceam</strong></span> <span class='ocrx_word' id='word_1_156' title='bbox 625 3309 635 3344; x_wconf 92' lang='lat'><strong><em>,</em></strong></span> <span class='ocrx_word' id='word_1_157' title='bbox 659 3270 1016 3355; x_wconf 78' lang='lat' dir='ltr'><strong>semidiaphanam,</strong></span> <span class='ocrx_word' id='word_1_158' title='bbox 1043 3277 1160 3354; x_wconf 88' lang='lat' dir='ltr'><strong>prout</strong></span> <span class='ocrx_word' id='word_1_159' title='bbox 1190 3277 1319 3336; x_wconf 77' lang='lat' dir='ltr'><strong>cortex</strong></span> 
     </span>
     <span class='ocr_line' id='line_1_28' title="bbox 272 3371 1317 3459; baseline 0 -23"><span class='ocrx_word' id='word_1_160' title='bbox 272 3371 438 3436; x_wconf 86' lang='lat' dir='ltr'><strong>extimus</strong></span> <span class='ocrx_word' id='word_1_161' title='bbox 462 3372 721 3456; x_wconf 84' lang='lat' dir='ltr'><strong>phosphorica</strong></span> <span class='ocrx_word' id='word_1_162' title='bbox 750 3377 851 3440; x_wconf 88' lang='lat' dir='ltr'><strong>calce</strong></span> <span class='ocrx_word' id='word_1_163' title='bbox 882 3380 949 3438; x_wconf 84' lang='lat' dir='ltr'><strong>sut</strong></span> <span class='ocrx_word' id='word_1_164' title='bbox 980 3375 1177 3459; x_wconf 77' lang='lat' dir='ltr'><strong>magnesia</strong></span> <span class='ocrx_word' id='word_1_165' title='bbox 1201 3375 1317 3459; x_wconf 70' lang='lat' dir='ltr'><strong>phos-</strong></span> 
     </span>
     <span class='ocr_line' id='line_1_29' title="bbox 272 3473 1314 3558; baseline 0.006 -22"><span class='ocrx_word' id='word_1_166' title='bbox 272 3473 434 3556; x_wconf 85' lang='lat' dir='ltr'><strong>phorica</strong></span> <span class='ocrx_word' id='word_1_167' title='bbox 456 3478 690 3556; x_wconf 83' lang='lat' dir='ltr'><strong>compositus</strong></span> <span class='ocrx_word' id='word_1_168' title='bbox 712 3478 844 3544; x_wconf 84' lang='lat' dir='ltr'><strong>fuerit.</strong></span> <span class='ocrx_word' id='word_1_169' title='bbox 876 3480 1059 3558; x_wconf 68' lang='lat' dir='ltr'><strong>Magnam</strong></span> <span class='ocrx_word' id='word_1_170' title='bbox 1088 3495 1200 3558; x_wconf 80' lang='lat' dir='ltr'><strong>saepe</strong></span> <span class='ocrx_word' id='word_1_171' title='bbox 1230 3493 1314 3542; x_wconf 77' lang='lat' dir='ltr'><strong>con·</strong></span> 
     </span>
     <span class='ocr_line' id='line_1_30' title="bbox 273 3577 1314 3663; baseline 0.004 -23"><span class='ocrx_word' id='word_1_172' title='bbox 273 3581 489 3662; x_wconf 81' lang='lat' dir='ltr'><strong>sequuntur</strong></span> <span class='ocrx_word' id='word_1_173' title='bbox 524 3579 695 3656; x_wconf 89' lang='lat' dir='ltr'><strong>molem,</strong></span> <span class='ocrx_word' id='word_1_174' title='bbox 727 3585 766 3642; x_wconf 85' lang='lat' dir='ltr'><strong>et</strong></span> <span class='ocrx_word' id='word_1_175' title='bbox 792 3579 984 3662; x_wconf 83' lang='lat' dir='ltr'><strong>reperitur</strong></span> <span class='ocrx_word' id='word_1_176' title='bbox 1020 3579 1243 3663; x_wconf 81' lang='lat' dir='ltr'><strong>frequenter</strong></span> <span class='ocrx_word' id='word_1_177' title='bbox 1275 3577 1314 3644; x_wconf 88' lang='lat' dir='ltr'><strong>in</strong></span> 
     </span>
     <span class='ocr_line' id='line_1_31' title="bbox 274 3677 1317 3758; baseline 0.01 -16"><span class='ocrx_word' id='word_1_178' title='bbox 274 3677 402 3742; x_wconf 88' lang='lat' dir='ltr'><strong>medio</strong></span> <span class='ocrx_word' id='word_1_179' title='bbox 424 3681 603 3756; x_wconf 53' lang='lat' dir='ltr'><strong>nucleum</strong></span> <span class='ocrx_word' id='word_1_180' title='bbox 623 3681 731 3746; x_wconf 78' lang='lat' dir='ltr'><strong>acido</strong></span> <span class='ocrx_word' id='word_1_181' title='bbox 765 3682 901 3748; x_wconf 82' lang='lat' dir='ltr'><strong>litbico</strong></span> <span class='ocrx_word' id='word_1_182' title='bbox 931 3687 1135 3758; x_wconf 81' lang='lat' dir='ltr'><strong>constans‚·</strong></span> <span class='ocrx_word' id='word_1_183' title='bbox 1158 3679 1317 3752; x_wconf 69' lang='lat' dir='ltr'><strong>alternis</strong></span> 
     </span>
     <span class='ocr_line' id='line_1_32' title="bbox 275 3783 1316 3870; baseline 0.006 -23"><span class='ocrx_word' id='word_1_184' title='bbox 275 3783 504 3869; x_wconf 82' lang='lat' dir='ltr'><strong>quandoque</strong></span> <span class='ocrx_word' id='word_1_185' title='bbox 536 3786 675 3852; x_wconf 82' lang='lat' dir='ltr'><strong>salium</strong></span> <span class='ocrx_word' id='word_1_186' title='bbox 697 3787 1043 3870; x_wconf 86' lang='lat' dir='ltr'><strong>phosphoricorum</strong></span> <span class='ocrx_word' id='word_1_187' title='bbox 1069 3787 1203 3854; x_wconf 84' lang='lat' dir='ltr'><strong>stratis</strong></span> <span class='ocrx_word' id='word_1_188' title='bbox 1236 3785 1316 3853; x_wconf 87' lang='lat' dir='ltr'><strong>cin·</strong></span> 
     </span>
     <span class='ocr_line' id='line_1_33' title="bbox 238 3900 371 3964; baseline -0.053 0"><span class='ocrx_word' id='word_1_189' title='bbox 238 3947 247 3964; x_wconf 70' lang='grc'><em>.</em></span> <span class='ocrx_word' id='word_1_190' title='bbox 277 3900 371 3958; x_wconf 85' lang='lat' dir='ltr'><strong>ctus.</strong></span> 
     </span>
    </p>
   </div>
   <div class='ocr_carea' id='block_1_13' title="bbox 274 4037 1315 4338">
    <p class='ocr_par' dir='ltr' id='par_1_13' title="bbox 274 4037 1315 4338">
     <span class='ocr_line' id='line_1_34' title="bbox 356 4037 1315 4124; baseline -0.002 -22"><span class='ocrx_word' id='word_1_191' title='bbox 356 4042 400 4124; x_wconf 82' lang='lat'><strong>5)</strong></span> <span class='ocrx_word' id='word_1_192' title='bbox 424 4039 621 4104; x_wconf 85' lang='lat' dir='ltr'><strong>Prioribus</strong></span> <span class='ocrx_word' id='word_1_193' title='bbox 652 4037 932 4123; x_wconf 82' lang='lat' dir='ltr'><strong>frequentiores</strong></span> <span class='ocrx_word' id='word_1_194' title='bbox 956 4044 1068 4118; x_wconf 76' lang='lat' dir='ltr'><strong>sunt,</strong></span> <span class='ocrx_word' id='word_1_195' title='bbox 1097 4039 1182 4124; x_wconf 84' lang='lat' dir='ltr'><strong>qui</strong></span> <span class='ocrx_word' id='word_1_196' title='bbox 1215 4037 1315 4102; x_wconf 82' lang='lat' dir='ltr'><strong>sci·</strong></span> 
     </span>
     <span class='ocr_line' id='line_1_35' title="bbox 276 4139 1315 4225; baseline -0.001 -21"><span class='ocrx_word' id='word_1_197' title='bbox 276 4139 334 4204; x_wconf 85' lang='lat' dir='ltr'><strong>do</strong></span> <span class='ocrx_word' id='word_1_198' title='bbox 375 4142 566 4208; x_wconf 81' lang='lat' dir='ltr'><strong>lithico</strong></span> <span class='ocrx_word' id='word_1_199' title='bbox 602 4147 650 4206; x_wconf 87' lang='lat' dir='ltr'><strong>et</strong></span> <span class='ocrx_word' id='word_1_200' title='bbox 689 4143 891 4206; x_wconf 81' lang='lat' dir='ltr'><strong>salibus</strong></span> <span class='ocrx_word' id='word_1_201' title='bbox 934 4140 1315 4225; x_wconf 64' lang='lat' dir='ltr'><strong>phosphoricts</strong></span> 
     </span>
     <span class='ocr_line' id='line_1_36' title="bbox 274 4244 1315 4338; baseline -0.002 -30"><span class='ocrx_word' id='word_1_202' title='bbox 274 4244 442 4332; x_wconf 60' lang='lat' dir='ltr'><strong>inuicem</strong></span> <span class='ocrx_word' id='word_1_203' title='bbox 472 4246 648 4314; x_wconf 88' lang='lat' dir='ltr'><strong>mistis</strong></span> <span class='ocrx_word' id='word_1_204' title='bbox 669 4250 861 4314; x_wconf 84' lang='lat' dir='ltr'><strong>constant.</strong></span> <span class='ocrx_word' id='word_1_205' title='bbox 893 4245 1173 4338; x_wconf 80' lang='lat' dir='ltr'><strong>Nonnunquam</strong></span> <span class='ocrx_word' id='word_1_206' title='bbox 1193 4248 1315 4312; x_wconf 82' lang='lat' dir='ltr'><strong>strata</strong></span> 
     </span>
    </p>
   </div>
   <div class='ocr_carea' id='block_1_14' title="bbox 0 0 1465 5000">
    <p class='ocr_par' dir='ltr' id='par_1_14' title="bbox 0 0 1465 5000">
     <span class='ocr_line' id='line_1_37' title="bbox 0 0 1465 5000; baseline 0 0"><span class='ocrx_word' id='word_1_207' title='bbox 0 0 1465 5000; x_wconf 95' lang='lat' dir='ltr'><strong> </strong></span> 
     </span>
    </p>
   </div>
  </div>
 </body>
</html>
