2898 4992
272 387 345 494 rer
383 385 472 454 ιιι.
484 386 512 454 1.
532 383 691 473 crnvl.
708 387 766 453 Dr
783 401 966 456 crneurrv
978 401 1206 458 sirannus.

280 533 365 600 dem
396 531 501 596 sinus
530 533 661 614 parte,
682 531 786 596 intre
818 531 1017 595 valvulam
1047 531 1246 596 Eustachii
1277 539 1320 599 et

280 633 423 704 ostium
445 651 650 726 verorum,
673 634 852 698 ostium
881 633 988 698 adest
1007 655 1158 698 venae
1185 653 1320 700 coro-

278 737 694 811 nariae,vnlvula
719 737 1228 824 semiluneri,Thebesio
1250 737 1320 802 ad-

278 844 435 926 scripte3
448 841 495 904 ab
515 841 786 909 Eustochio
803 842 935 908 temen
954 843 1175 929 inventri),
1190 845 1324 908 muni-

278 948 363 1012 tum
384 945 445 1030 k).
479 941 654 1027 Cingitur
684 943 724 1008 id
752 945 893 1010 ortium
922 943 1112 1010 vellecula
1136 948 1324 1024 cernone,

279 1064 375 1128 quae
402 1065 487 1108 cum
520 1047 677 1110 velvuln
707 1048 812 1113 dicte
842 1048 1042 1132 sanguinis
1068 1047 1257 1116 refluxum
1279 1049 1325 1117 in

280 1169 421 1216 venam
445 1150 688 1218 coronariam
710 1149 877 1238 impedit
897 1151 946 1238 l).

476 1309 515 1406 112
544 1345 821 1426 Ventriculuc
847 1349 1114 1422 pulmonrlir.

363 1509 407 1576 In
427 1514 594 1576 normali
616 1475 888 1598 cordiepoeitu
911 1517 1063 1603 (6.386.)
1085 1516 1326 1582 ventriculur

276 1616 591 1704 pulmonelis
613 1618 690 1679 situ
719 1619 875 1704 obliquo
906 1622 1103 1684 anteriora
1125 1625 1163 1681 et
1185 1619 1325 1684 dextre.

157 1792 164 1807 ,
278 1743 409 1788 versus
439 1725 679 1800 collocetur,
709 1725 809 1787 unde
840 1725 960 1788 etiem
989 1725 1223 1788 anterior
1250 1745 1321 1789 seu

211 1875 216 1886 .
276 1829 458 1893 dexter
488 1829 641 1893 dicitur.
666 1829 885 1913 Respondet
910 1828 1035 1912 figure
1055 1849 1123 1892 sua
1154 1833 1320 1912 quertce

279 1936 368 1998 coni
387 1935 512 2016 parti,
536 1940 665 2018 estque
693 1937 734 1998 in
757 1935 922 2014 ,homine
943 1934 1074 1998 adulto
1097 1933 1315 2006 ventriculo

279 2039 428 2103 eortico
451 2039 606 2102 brevior
626 2044 664 2102 et
686 2039 825 2114 letior,
845 2037 886 2102 in
906 2038 1014 2102 foetu
1034 2057 1124 2101 vero
1145 2035 1322 2118 ejusdem

277 2136 549 2222 longitudinis.
584 2139 709 2202 Serius
737 2141 928 2204 formetur
957 2136 1133 2211 sinistro,
1158 2142 1201 2200 ut
1224 2133 1323 2197 adeo

278 2239 323 2310 in
347 2241 475 2323 pu'llo,
497 2241 564 2328 qui
594 2262 666 2308 ovo
697 2241 879 2308 incohato
910 2240 1156 2316 continetur,
1185 2237 1249 2306 hic
1277 2236 1325 2300 in

278 2357 503 2435 mucronem
538 2346 616 2428 jam
646 2346 855 2431 productus
878 2350 1075 2421 cernatur,
1098 2343 1230 2412 dextro
1257 2347 1326 2405 tu·

182 2436 191 2460 '
277 2447 479 2516 berculum
498 2451 707 2516 rotundum
728 2451 853 2516 adhue
877 2448 1172 2534 exhibentem).
1195 2446 1328 2510 Perire

280 2549 462 2618 carnosus
483 2553 524 2616 in
543 2553 702 2618 homine
726 2552 879 2626 adulto,
900 2571 1028 2614 versus
1049 2548 1197 2630 apicem
1218 2569 1331 2632 prue-

282 2657 416 2736 cipue,
440 2654 559 2717 multo
580 2660 637 2722 est
658 2653 822 2720 debilior
856 2671 973 2737 quem
1005 2653 1145 2718 cortici
1172 2650 1324 2718 ventri-

284 2760 387 2834 culi,
408 2764 453 2822 ut
474 2756 521 2822 ed
541 2759 658 2824 ictum
679 2779 718 2822 re
738 2755 879 2824 hebent
900 2761 942 2822 ut
965 2773 1003 2819 re
1022 2772 1053 2837 3.
1081 2756 1214 2822 Ambit
1232 2775 1329 2822 ven·

285 2862 448 2926 trioulus
471 2859 599 2926 dexter
618 2857 820 2926 sinistrum
840 2858 898 2922 ite
910 2899 921 2932 ,
939 2863 983 2922 ut
1010 2863 1158 2941 septum
1190 2878 1331 2924 conve·

285 2983 379 3030 xum
418 2983 503 3030 eum
552 2962 762 3046 respiciat,
795 2960 995 3043 ipsumque
1030 2979 1128 3036 cor,
1160 2950 1331 3030 sectione

286 3071 507 3130 transverse
542 3064 734 3142 scissum,
772 3061 1044 3126 semilunerem
1088 3081 1245 3127 ceveem
1286 3064 1331 3134 in

288 3167 450 3242 dextro,
484 3173 598 3252 etque
634 3155 857 3230 circularem
887 3163 928 3226 in
958 3163 1115 3228 sinistro
1147 3165 1331 3232 exhibeat

289 3269 520 3334 ventriculo.
551 3267 791 3336 Anteriorem
814 3264 937 3334 cordis
959 3267 1058 3334 hcnc
1081 3288 1237 3337 caveam
1262 3289 1332 3352 po-

289 3369 477 3446 steriore,
499 3371 540 3438 in
567 3369 725 3434 homine
756 3367 888 3432 adulto
914 3368 1073 3446 saltem,
1096 3367 1331 3450 ampliorem

291 3489 395 3544 esee,
416 3469 509 3552 olim
537 3469 615 3554 jam
645 3477 781 3536 notum
813 3477 918 3546 eret,
943 3478 1073 3556 estque
1100 3472 1330 3540 recentiori-

289 3575 364 3646 bus
394 3577 634 3657 temporibus
665 3594 731 3658 per
757 3575 1023 3658 experimenta
1055 3571 1330 3644 confirmatum

293 3680 357 3762 n).
379 3681 611 3744 Invenerunt
642 3680 745 3742 enim
773 3678 1060 3762 proportionem
1086 3682 1129 3746 ut
1151 3692 1192 3761 γε
1209 3692 1250 3758 5,
1267 3675 1334 3742 vel

292 3800 337 3865 3²
358 3803 398 3858 u,
419 3784 480 3850 vel
497 3785 612 3868 plene
634 3788 677 3846 ut
697 3801 740 3864 3:
762 3805 773 3843 ι
800 3784 858 3866 o).

376 3951 578 4014 Formetur
596 3949 836 4014 ventriculus
857 3949 982 4034 quivis
1003 3950 1152 4035 pariete
1173 3949 1334 4015 laterali

292 4049 485 4118 fornicato
509 4059 547 4114 et
565 4053 759 4114 communi
780 4058 884 4133 septo
900 4051 1040 4117 niedio.
1064 4055 1221 4124 Interne
1240 4071 1335 4113 ven-

294 4152 429 4216 triculi
454 4150 577 4218 dextri
597 4152 726 4215 tunice
746 4153 942 4235 productio
971 4159 1029 4218 eet
1052 4153 1217 4218 arteriae
1246 4149 1335 4234 pul·

291 4257 484 4341 monens,
500 4257 719 4352 velamento
737 4265 893 4331 externo
908 4281 939 4332 ,a
956 4257 1171 4354 pericardio
1194 4263 1340 4332 ceteto-
