2922 4996
249 413 359 480 sscr.
380 411 427 478 11.
449 413 509 480 Da
529 425 648 478 cnrsr
668 425 848 480 sonusr.
867 413 913 482 11.
936 425 1078 482 aursn-
1130 426 1191 498 137

233 557 302 620 llis
321 577 412 622 vero
431 535 975 642 superiorbiodynamica
996 563 1054 622 ast
1074 555 1191 632 actio,

150 679 230 748 qua
251 661 378 726 omnis
408 661 556 744 regitur
588 658 765 742 jecinoris
787 661 953 731 iunctio.
982 649 1190 746 'oppositio

148 761 280 836 enim,
307 781 404 848 quae
429 761 534 828 inter
563 783 748 828 venerum
777 768 815 828 et
845 765 1077 830 arteriosum
1107 762 1190 842 sius

147 860 309 926 visceris
328 863 576 948 sanguinem,
588 863 765 950 interque
782 867 965 932 corticem
985 873 1024 932 et
1042 863 1192 934 medul-

151 967 276 1030 larem
304 966 502 1032 acinorum
533 967 793 1034 substantiam
812 969 833 1050 (
844 975 875 1046 ς.
895 965 1006 1052 290.)
1033 965 1191 1045 existit,
1284 991 1289 1002 ·

148 1076 267 1157 atque
298 1093 504 1140 nervorum
541 1073 812 1156 hepaticorum
844 1073 978 1138 vitalis
1010 1071 1191 1156 energia,

147 1175 402 1260 proliciendis
433 1175 838 1260 imponderabilibus,
869 1172 1114 1254 discumbis,
1146 1193 1192 1238 ac

14 1281 18 1292 '
148 1277 308 1342 novitus
349 1277 621 1364 componendis
653 1279 858 1364 principiis
890 1278 1192 1346 elementaribus

149 1379 408 1464 opitulantur.
449 1381 557 1466 Quod
594 1387 724 1446 autem
754 1399 963 1446 nervorum
999 1379 1122 1446 nimia
1153 1385 1194 1444 et

144 1481 356 1565 praecipua
377 1483 434 1549 sit
453 1485 494 1550 in
515 1505 600 1550 eam
618 1484 871 1550 secretionem
892 1487 1083 1568 potestas,
1103 1483 1191 1566 plu·

144 1585 271 1650 rimae
288 1585 425 1656 docent
444 1589 742 1658 observationes.
772 1589 925 1654 Etenim
948 1589 1103 1654 cerebro
1123 1587 1192 1652 ad·

143 1691 248 1756 fecto
269 1691 390 1778 hepar
409 1693 452 1758 in
472 1695 777 1780 compassionem
799 1693 1026 1776 adducitur,
1044 1695 1191 1780 hocque

146 1798 320 1863 alienato
339 1801 541 1884 enceplrali
558 1801 776 1866 functiones
796 1801 1015 1886 frequenter
1032 1797 1194 1866 laeduns·

144 1905 235 1979 tur,
256 1906 386 1988 estque
418 1903 640 1970 observatio
672 1901 901 1990 quotidiana
928 1905 1073 1978 ferme,
1096 1899 1191 1964 bilis

58 2045 61 2052 ·
147 2005 401 2070 secretionem
439 2025 507 2090 per
538 2005 637 2072 iram
674 2013 713 2074 et
751 2005 847 2072 alios
881 2005 1191 2074 vehementiores

145 2105 272 2170 enimi
302 2101 591 2176 motus'subito
624 2111 800 2186 mutari,
830 2111 1007 2178 humoris
1038 2109 1192 2196 copiam

147 2209 304 2294 augeri,
325 2209 472 2290 minui,
493 2219 562 2280 aut
583 2211 789 2298 depravari
809 2213 994 2280 hactenus
1005 2255 1017 2292 ,
1037 2218 1081 2280 ut
1103 2229 1191 2300 gra·

146 2313 310 2382 sissima
330 2316 495 2384 adducat
522 2324 798 2406 symptomata.

255 2476 288 2544 θ)
307 2473 475 2529 nattum
494 2475 588 2532 Elem.
605 2477 690 2552 plrys.
705 2477 756 2534 vl.
773 2495 805 2554 p.
823 2477 888 2541 601.
908 2477 938 2554 ς.
955 2491 1001 2550 29.

253 2609 306 2676 ss)
325 2604 604 2666 amouimus
623 2607 755 2682 Physiol.
770 2607 808 2664 ll.
827 2607 858 2683 ς.
877 2607 941 2678 645.

607 2791 635 2863 5.
678 2783 752 2866 296.

379 2967 603 3038 Utilitas
627 2970 958 3036 secretionis.

231 3111 383 3196 Duplex
406 3109 620 3197 generatim
647 3113 705 3176 est
737 3105 962 3176 secretionis
991 3103 1130 3176 istius,
1152 3101 1192 3162 el:

145 3329 227 3389 tas:
256 3343 301 3387 ea
328 3339 498 3404 nempe,
526 3337 641 3404 quam
679 3317 772 3381 bilis
802 3321 950 3382 secrete
981 3319 1019 3378 et
1051 3311 1191 3394 chymo

145 3423 318 3489 admista
337 3425 532 3506 praestat,
553 3425 667 3506 atque
687 3419 835 3497 altera,
853 3437 948 3504 quae
971 3417 1011 3480 in
1033 3411 1191 3478 univer·

145 3545 232 3592 sum
253 3525 446 3590 redundat
463 3523 739 3610 organismum.
762 3523 956 3588 Maximae
975 3525 1107 3584 autem
1131 3515 1192 3582 di-

143 3629 308 3716 gnitatis
329 3629 483 3714 hepatis
506 3637 584 3692 esse
602 3626 842 3691 functionem
861 3623 921 3688 vel
941 3621 1032 3688 inde
1058 3626 1167 3704 patet
1179 3665 1193 3698 ,

144 3733 247 3824 quod
275 3733 316 3799 id
344 3733 470 3800 viscus
498 3753 567 3818 per
596 3731 768 3795 animale
804 3745 966 3812 regnum
992 3733 1074 3791 tam
1107 3723 1188 3788 late

141 3839 277 3924 pateat
300 3833 351 3922 (ς.
369 3837 480 3924 292.)‚
508 3834 685 3922 quodque
709 3833 835 3898 morbi
858 3831 1010 3916 hepatis
1030 3829 1185 3894 univer-

143 3961 229 4007 sum
251 3961 340 4006 mox
363 3937 592 4026 perturbent
610 3935 926 4022 reproductivum
953 3949 1185 4016 processum.

228 4105 294 4170 Est
312 4105 443 4178 autem
474 4098 565 4164 bilis
594 4095 806 4184 digestioni
833 4117 876 4162 ea
897 4095 1012 4179 plane
1039 4093 1188 4158 ratione

141 4205 382 4281 necessarie,
402 4209 447 4269 ut
477 4203 651 4270 cohibita
682 4201 766 4282 sius
795 4197 1034 4270 secretione,
1056 4197 1119 4260 vel
1145 4193 1189 4262 in
1238 4253 1241 4260 .

142 4311 283 4380 tubum
314 4307 609 4374 alimentarium
639 4306 878 4386 excretione,
900 4299 1110 4384 ventriculi
1129 4299 1188 4366 vi.
