2912 5000
148 379 153 396 ⁵
230 287 296 368 106
414 278 500 350 trs.
521 278 551 346 1.
574 281 664 346 car.
683 280 724 346 V.
744 283 803 348 Da
825 280 1108 366 sasoarrso‘nt

231 438 271 498 at
302 428 548 504 aiiriformas,
571 425 824 492 irritabilitas
858 449 989 495 eorum
1021 437 1154 498 tamen
1185 431 1280 500 ada'o

180 599 184 606 ,
231 527 486 618 deprimitur,
508 533 552 614 ut
575 549 653 595 non
674 530 841 614 amplius
864 531 1032 618 seligant
1050 538 1279 615 materiem,

230 653 365 704 varum
389 631 593 698 attrahant
614 633 802 722 quidquid
821 655 886 718 par
908 639 1007 702 vires
1026 637 1204 725 physicas
1225 659 1286 701 ra-

231 739 356 826 cipere
377 743 557 824 possunt3
575 737 631 803 ita
652 738 718 814 iit,
733 743 776 804 ut
796 737 887 806 bilis
907 739 1055 826 aliquot
1073 747 1160 825 post
1184 760 1287 803 mor·
1351 815 1353 822 Ι

230 847 311 909 tam
341 837 447 908 horis
475 829 754 920 absorbeatur,
786 843 828 908 in
862 863 1015 930 corpora
1051 847 1209 911 vivente
1234 844 1285 908 ab

230 943 371 1014 iisdem
392 945 493 1012 vasis
517 945 623 1012 haud
644 947 881 1032 recipienda.

303 1075 415 1175 ,Dum
456 1107 647 1193 resorptio
689 1110 877 1175 materiae
920 1111 1124 1196 organicae
1174 1109 1285 1174 omni

230 1221 405 1295 tempore
422 1217 459 1274 et
476 1211 585 1276 omni
608 1211 648 1274 in
669 1217 804 1295 parte,
824 1214 934 1277 nulla
963 1215 1077 1298 plane
1100 1218 1285 1296 excepta,

232 1315 446 1399 contingit,
475 1321 589 1401 atque
620 1317 787 1381 materia
818 1337 920 1383 nova
947 1339 1014 1402 per
1047 1317 1289 1402 reproducti·

229 1441 324 1486 vum
345 1415 540 1484 sufficitur
560 1439 796 1502 processum,
821 1423 1063 1508 organismos
1085 1430 1189 1489 totus‘
1216 1423 1285 1488 ad·

233 1523 348 1588 sidua
374 1527 580 1602 renovatur
612 1522 665 1607 a),
698 1524 847 1590 Accidit
881 1531 1011 1590 autem
1033 1547 1078 1590 ea
1099 1527 1289 1591 materiae

101 1663 104 1675 ·
145 1713 146 1720 ἵ
232 1630 433 1692 renovatio
454 1627 503 1692 ad
520 1628 672 1712 regulas
687 1633 814 1693 ‘certas
836 1635 874 1692 et
899 1617 1004 1694 certa
1024 1629 1066 1693 in
1088 1629 1291 1717 quibusvis

230 1721 511 1818 systematibus
532 1735 712 1817 periodo,
736 1734 965 1819 cansautqu'e
994 1723 1138 1819 septam
1160 1755 1283 1800 anno·

230 1855 319 1902 rum
340 1835 468 1919 spatio
502 1857 636 1922 corpus
663 1844 792 1902 totum
814 1840 869 1904 sic
895 1837 1125 1916 restaurari,
1147 1845 1192 1905 ut
1220 1839 1283 1904 ui-

230 1938 292 2004 hil
315 1937 481 2021 amplius
500 1940 666 2022 supersit
695 1948 781 2024 post
798 1941 837 2006 id
859 1947 1020 2026 tempus,
1033 1941 1078 2005 de
1099 1939 1283 2006 substan·

231 2041 289 2105 tia
309 2041 450 2124 priore·
486 2043 613 2106 Morbi
640 2043 783 2128 igitur,
807 2043 872 2130 qui
891 2062 959 2125 per
979 2061 1203 2130 conversam
1227 2063 1285 2107 re·

228 2135 528 2227 productionem
562 2145 733 2212 universi
768 2147 936 2230 corporis
964 2151 1183 2232 ponuntur,
1218 2145 1288 2209 ad·
1332 2187 1335 2194 -

232 2248 353 2312 sectio
374 2250 832 2336 scrophulosa,‘syphilis
854 2249 1089 2314 universalis·
1105 2255 1145 2314 at
1170 2249 1284 2312 inve·
1397 2283 1405 2298 ι

230 2355 383 2432 serata,
404 2353 585 2419 arthritis
611 2361 705 2432 eta,
726 2359 882 2420 tantum
906 2354 985 2418 iere
1009 2353 1168 2438 exigunt
1187 2357 1286 2416 tam-

163 2478 169 2486 ·
230 2476 332 2543 pus,
358 2465 411 2524 ut
440 2460 574 2525 debita
613 2453 683 2526 ¹urb
717 2479 807 2524 cura
844 2458 999 2543 penitus
1034 2455 1289 2526 sufferantur.

133 2605 135 2614 ,
232 2564 323 2646 Ipsa
347 2568 480 2628 tamen
503 2567 610 2626 aetas
633 2561 847 2626 maximum
865 2560 929 2626 bic
951 2562 1070 2626 habet
1089 2553 1280 2654 influisum

232 2667 396 2752 (§.81.),
417 2665 537 2742 adeo,
559 2671 603 2730 ut
624 2665 669 2730 in
685 2663 850 2747 juvenili
871 2683 1027 2748 corpore
1052 2666 1287 2735 celerior'sit

230 2769 500 2852 reproductio,
521 2767 681 2831 celerius
699 2767 929 2834 evolvantur
950 2769 980 2832 ii
1001 2771 1152 2849 morbi,
1171 2777 1210 2840 et
1231 2775 1290 2840 ci·

234 2861 315 2938 tius
338 2873 458 2937 etiam
480 2864 692 2947 tollantur,
715 2891 830 2958 quam
852 2876 979 2936 astate
1000 2880 1193 2957 provecta.

232 3071 234 3076 ·
321 3038 432 3128 Viget
454 3037 573 3106 stiam
597 3037 700 3106 inter
728 3037 984 3104 nutritionem
1005 3041 1043 3102 at
1065 3038 1286 3122 absorptio·

234 3168 325 3217 nem
347 3148 555 3214 manifesta
587 3143 807 3212 antithesis.
840 3145 913 3210 Ubi
934 3144 1054 3230 igitur
1074 3145 1287 3230 digestivus
1316 3231 1321 3242 ‚

236 3252 408 3322 laeditur
438 3259 475 3318 et
504 3251 692 3318 nutritius
730 3271 960 3334 processus,
992 3256 1036 3314 ut
1066 3251 1108 3315 in
1142 3249 1288 3316 morbis

239 3356 366 3420 acutis
405 3362 443 3422 ct
484 3353 676 3420 chronicis
710 3353 940 3438 quibusdam
976 3358 1062 3430 est,
1089 3353 1284 3438 pinguedo

206 3471 209 3480 ⁴
234 3473 316 3528 non
338 3464 494 3526 tantum
514 3457 762 3532 absorbetur,
781 3461 984 3544 totumque
1018 3479 1153 3543 corpus
1184 3479 1288 3522 ema-

239 3565 389 3644 ciatur,
409 3583 541 3627 verum
563 3559 638 3644 ipsi
672 3559 791 3624 etiam
813 3560 976 3625 musculi
1005 3567 1287 3641 consumuntur

238 3674 278 3733 at
300 3687 386 3733 ossa
418 3671 687 3731 extenuantur.
721 3664 817 3730 Vasa
836 3663 939 3727 enim
962 3665 1203 3750 lymphatica
1226 3666 1290 3732 in-

236 3771 419 3836 feriorem
451 3775 586 3835 tenent
609 3769 713 3833 vitae
735 3766 962 3836 individuae
983 3767 1143 3852 gradum
1165 3788 1282 3854 quam

238 3875 463 3959 sanguiiera
493 3876 543 3954 (ς.
579 3878 686 3963 170.)
709 3880 748 3939 et
777 3895 921 3960 organa
949 3873 996 3939 ad
1024 3873 1290 3958 reproductio-

235 3997 328 4043 *nem
350 3979 557 4056 facientia,
577 3978 679 4046 unda
709 3978 873 4043 istorum
900 3975 1165 4044 adfectionem
1183 3978 1290 4044 baud

236 4079 355 4146 tacite
375 4079 765 4166 participanttiisqua
783 4080 988 4164 prostratis
1007 4097 1118 4144 suum
1145 4077 1210 4142 diu
1231 4099 1292 4144 re-

230 4181 367 4250 tinent
385 4185 572 4272 vigorem.
605 4184 663 4253 Sic
686 4184 807 4252 otiam
829 4183 897 4262 fit,
919 4189 965 4250 ut
988 4183 1029 4249 in
1052 4187 1163 4269 parta
1188 4201 1285 4271 qua·
