2922 4996
245 335 305 416 13⁶
347 334 433 398 Lus.
451 335 1195 408 1.csr.11.1)ussrnrrr.morsrrosa

241 497 328 542 rum
338 518 349 554 ‚
370 479 411 542 in
438 479 568 542 media
594 479 747 562 hepatis
775 465 996 546 substantia
1020 483 1286 566 pulsantium,

242 581 488 646 mechanicus
518 583 731 665 impulsus,
759 604 834 669 quo
864 587 957 650 bilis
993 587 1154 653 secretio
1185 587 1285 650 mul·

243 691 328 750 tum
350 707 498 774 quoque
516 695 779 770 promovetur.

325 853 484 936 Sanguis
507 854 768 918 abdominalis
784 895 795 930 ,
813 855 1057 940 phlogisticis
1081 853 1285 924 abundans

245 953 306 1038 (§·
333 959 463 1042 294),
501 959 612 1045 eique
651 959 849 1041 oppositus
884 960 1093 1023 arteriosus
1122 961 1285 1037 humor,

244 1062 439 1144 oxygonio·
469 1062 573 1126 dives
587 1105 597 1137 ‚
618 1067 656 1125 et
675 1062 829 1151 nepotis
861 1062 982 1146 ipsius
1011 1061 1149 1128 mixtio
1173 1081 1285 1148 orga-

243 1163 331 1226 nica
352 1166 369 1245 (
382 1171 431 1242 §5-
446 1166 500 1247 5⁶·
524 1175 596 1246 ‘289-
612 1167 651 1249 )‚
675 1165 946 1230 chemicam
978 1165 1127 1230 habent
1149 1165 1191 1230 in
1211 1167 1286 1256 liae

242 1266 445 1333 functione
473 1269 724 1343 relationem,
746 1269 848 1331 unde
879 1263 1162 1352 principiorum
1194 1289 1286 1352 pro·
1316 1285 1320 1294 ·

241 1371 420 1453 portione
438 1379 615 1450 mutata,
635 1374 797 1438 secretio
819 1373 1080 1456 perturbatur.
1103 1373 1284 1438 Videmus

242 1472 337 1536 hinc
374 1476 467 1540 bilis
507 1480 757 1542 secretionem
791 1484 829 1541 et
859 1478 1118 1541 excretionem
1150 1478 1197 1541 ab
1235 1476 1286 1540 iis

243 1578 386 1656 causis,
407 1599 502 1664 quae
520 1580 825 1644 inflammabilia
844 1580 951 1643 intra
975 1599 1111 1664 corpus
1137 1579 1287 1643 anime·

242 1679 279 1742 le
303 1684 502 1747 cumulent
514 1725 525 1759 ‚
545 1686 675 1770 augeri
687 1729 698 1762 ,
718 1687 781 1748 vel
802 1685 835 1748 ei
857 1683 898 1748 id
916 1705 994 1748 non
1016 1683 1106 1760 fiat,
1128 1685 1287 1747 morbos

242 1786 337 1849 oriri
368 1789 629 1866 universales,
650 1812 673 1854 a
694 1789 1017 1874 phlogisticorum
1046 1790 1192 1877 majore
1222 1809 1286 1852 co-

242 1885 311 1970 pia
337 1889 453 1954 facile
485 1893 711 1974 repetendos
742 1875 816 1976 **).
859 1891 971 1955 Talia
1010 1897 1141 1956 autem
1174 1895 1288 1954 sunt·

242 1991 347 2056 calor
364 1992 506 2060 nimius
528 2003 565 2062 et
583 1991 769 2062 intensior
791 1998 856 2060 lux
875 1994 924 2077 (§.
944 1998 1053 2084 cco),
1073 1998 1139 2060 ae'r
1159 1995 1288 2078 impu·

238 2113 304 2158 rus
315 2137 328 2173 ‚
346 2095 552 2178 paludosus
586 2099 645 2185 (§.
663 2100 794 2183 214),
826 2099 1015 2163 alimenta
1045 2098 1207 2184 pinguia
1227 2093 1284 2180 (ς.

240 2198 314 2273 264.
335 2219 375 2262 n.
400 2200 469 2288 4.),
496 2207 608 2286 potus
636 2199 839 2286 spirituosi
868 2195 928 2286 (l.
949 2201 1056 2286 267.)
1071 2245 1081 2280 ,
1109 2205 1288 2264 aromata

243 2305 315 2364 etc.
338 2304 523 2369 Minuuut
552 2325 570 2367 e
603 2324 783 2368 converso
804 2301 896 2367 bilis
923 2301 1199 2378 secretionem,
1225 2323 1288 2365 ar-

243 2410 331 2469 cent
366 2407 521 2472 morbos
562 2408 746 2482 biliosos,
788 2412 827 2470 et
861 2405 1007 2490 optime
1038 2410 1289 2490 propugnant

240 2517 492 2594 praesentesc
529 2517 803 2600 atmosphaera
835 2511 1010 2598 frigide,
1046 2512 1110 2575 aiir
1141 2531 1291 2595 purus,

244 2617 422 2681 crebrum
450 2623 618 2702 corporis
649 2619 898 2693 exercitium,
921 2617 1027 2681 cibus
1057 2617 1287 2701 vegetabilis

128 2791 132 2802 .
243 2719 295 2797 (§·
315 2725 426 2808 263),
446 2732 562 2808 potus
584 2723 729 2790 aciduli
742 2769 752 2802 ‚
767 2721 878 2787 acida
898 2720 1136 2806 vegetabilis
1153 2727 1193 2784 et
1213 2720 1286 2784 mi·

240 2829 414 2904 narniis,
441 2831 540 2893 sales
563 2827 692 2895 neutri
714 2833 784 2902 etc.
807 2829 860 2890 Ex
879 2845 921 2890 eo
944 2825 1062 2888 etiarn
1084 2829 1163 2899 est,
1183 2823 1286 2910 quod

239 2931 394 3014 hepatis
418 2935 566 2999 functio
588 2935 629 2998 in
649 2930 881 2996 animalium
912 2927 1094 2991 classibus
1118 2947 1204 2990 cum
1227 2949 1287 2992 re·

240 3037 455 3120 spiratione
475 3039 633 3102 inversa
661 3056 699 3098 se
721 3031 867 3098 habeat
893 3031 1044 3096 ratione
1066 3027 1128 3110 (l.
1151 3032 1285 3117 292.),

240 3139 341 3224 quod
384 3122 486 3221 ¹apud
526 3123 778 3222 embryonem
816 3135 936 3220 hepar
979 3131 1029 3196 sit
1070 3131 1286 3222 grandius,

241 3239 417 3324 quodque
439 3243 599 3306 secretio
627 3241 719 3303 hilis
750 3259 838 3302 cum
868 3235 1145 3324 secretipnibus
1170 3235 1260 3300 eliis
1274 3282 1286 3315 ,

238 3345 518 3428 phlogisticum
539 3342 859 3416 eliminantibus,
879 3341 921 3406 in
943 3339 1186 3424 oppositione
1209 3339 1292 3406 exi-⁴

244 3455 343 3514 stat:
365 3458 477 3516 aucta
496 3451 780 3536 perspiratione
809 3450 905 3512 cutis
919 3489 930 3522 ,
943 3449 1069 3512 minor
1083 3451 1288 3534 generatur

238 3555 334 3619 bilis
348 3557 594 3642 copia‚eaque
612 3555 789 3620 cohibita
799 3553 1034 3635 cholopotisis
1056 3551 1288 3631 intenditur3

238 3659 443 3722 macilenti
470 3661 646 3724 homines
657 3701 669 3736 ,
688 3657 757 3722 ubi
780 3663 906 3721 cetera
935 3651 1024 3719 sunt
1043 3655 1175 3737 paria,
1195 3656 1282 3737 plus

241 3758 288 3823 de
310 3761 390 3824 bile
407 3771 594 3846 generant
615 3781 731 3848 quam
751 3759 882 3837 obesi;
901 3759 1090 3842 impedita
1109 3757 1201 3821 bilis
1223 3742 1287 3820 err·

241 3863 443 3938 cretione,
471 3872 539 3930 aut
569 3864 763 3930 diminuta
794 3863 1004 3928 secretione
1037 3868 1147 3946 ejus,
1171 3862 1285 3925 urina

240 3969 470 4056 profundius
504 3970 659 4052 tincta,
689 3967 1040 4038 inflammabilibus
1082 3963 1285 4036 abundans

243 4072 419 4152 redditur
439 4075 511 4144 etc.
