2892 5004
297 375 408 444 saer.
429 369 457 438 1.
478 372 536 439 De
557 387 805 440 vssrnrcocr
827 383 1014 443 serious.
1122 383 1167 462 85

112 511 286 585 cicorum
308 520 416 586 doses
438 521 632 602 vomitum
654 539 733 584 non
755 528 951 588 moveant.
974 523 1163 588 Sensuin-

110 631 230 690 terno
252 624 423 686 exaltato
435 665 445 698 ,
470 627 600 686 mente
620 623 786 686 nimium
807 622 958 687 intenta
970 665 980 700 ,
994 627 1056 690 vel
1078 629 1165 692 eni·

111 750 181 794 mo
200 727 300 822 curis
334 729 547 812 majoribus
578 732 789 812 occupato,
818 727 982 812 digestio
1014 729 1163 798 labefa-

113 833 260 902 ctatui.
285 819 462 906 Vicissim
485 835 611 918 reagit
632 831 712 916 ipse
735 831 969 897 ventriculus
994 833 1035 898 in
1058 855 1163 900 cere·

110 940 254 1015 hrum,
276 943 382 1002 uteo
408 926 559 1022 quoquo
580 934 693 998 modo
716 934 866 998 adfecto
890 941 1003 1017 caput
1016 935 1162 1018 doleat,
1232 929 1235 938 ’

111 1042 311 1127 vertigine
332 1039 566 1120 adiicietur,
586 1045 625 1104 st
645 1035 786 1102 mentis
805 1037 1013 1104 facultates
1037 1037 1182 1124 ‹lepti-¹

79 1222 83 1253 (
112 1150 290 1209 mantur-
832 1159 838 1170 ·
1096 1132 1100 1140 ⁴

198 1269 242 1352 4)
266 1267 402 1332 Sensus
425 1265 628 1350 peculiaris
648 1269 686 1329 et
704 1262 882 1348 specifica
910 1245 1160 1344 stimulorum

111 1371 388 1454 receptivitas‚
411 1371 548 1456 quibus
567 1371 805 1434 ventriculus
817 1370 960 1454 gaudet
971 1411 981 1446 ,
994 1375 1162 1438 sensibi-

111 1475 271 1539 litatem
307 1469 530 1558 praevaler'e
555 1515 570 1548 ,
601 1471 749 1558 hacque
780 1471 864 1556 ipsa
897 1473 1057 1538 visceris
1084 1475 1163 1560 ejus

111 1577 326 1662 gubernari
344 1577 561 1642 functiones
587 1575 806 1642 ostendunt.
829 1575 964 1641 Sensus
986 1578 1162 1644 enimse·

112 1681 213 1759 mis,
236 1679 342 1760 sitis,
366 1677 778 1758 satietatis,fastidii,
810 1699 998 1758 nauseae,
1031 1679 1154 1766 aegri·
1283 1673 1285 1682 ’

110 1783 265 1848 tudinis
287 1789 358 1848 ete.
380 1781 702 1868 cumdigestione
723 1783 766 1848 in
788 1789 894 1849 certa
912 1790 1004 1850 sunt
1023 1787 1159 1851 relati-

112 1908 207 1962 one,
227 1891 357 1972 estque
378 1891 491 1951 tanta
515 1905 723 1950 nervorum
742 1885 783 1950 in
804 1887 1024 1952 ventriculo
1050 1893 1161 1972 pote·
1235 1937 1238 1944 .

111 1996 192 2054 stas
205 2036 217 2070 ,
240 1991 285 2054 u't
303 1991 374 2054 hoc
397 2008 492 2054 sano
515 1987 699 2054 secundae
718 1985 956 2054 valetudinis
988 1991 1159 2056 sensatis
1210 2007 1215 2016 '

110 2111 181 2176 per
201 2113 314 2158 omne
336 2112 469 2176 corpus
491 2091 748 2176 percipiatur,
772 2089 1018 2177 aegiotante,
1043 2084 1159 2172 aliae,
1191 2081 1196 2090 ⁸
1240 2129 1244 2144 ·

112 2198 236 2262 etiam
258 2195 485 2264 remotiores
514 2201 666 2280 partes,
697 2213 842 2280 organa
874 2201 911 2260 et
940 2194 1155 2281 systemata

111 2299 155 2370 in
185 2305 489 2389 compassionem
520 2301 773 2367 adducentur·
804 2300 894 2368 Inue
927 2303 1047 2368 etism
1084 2309 1161 2380 est,
1242 2383 1245 2390 1

115 2407 285 2491 ‘quodab
309 2407 390 2472 ictu
411 2405 628 2470 ventriculo
653 2405 789 2482 illato,
809 2425 883 2490 quo
905 2387 1156 2490 plexus'sola·

111 2509 165 2575 ris
190 2508 243 2593 (ς.
268 2517 337 2580 180.
357 2529 395 2574 n.
416 2510 470 2596 α.)
494 2513 781 2584 commovetur,
800 2515 883 2572 tam
919 2507 1054 2592 gravia
1086 2509 1160 2574 ori-

113 2619 230 2676 antur
259 2615 548 2696 symptomata,
578 2630 621 2672 ac
649 2609 684 2673 si
708 2607 942 2695 encephalus
974 2611 1056 2694 ipse
1089 2617 1160 2678 aut

76 2707 284 2780 'medulla
303 2707 686 2798 spinaliscommota
716 2713 900 2789 fuissent,
931 2715 1067 2799 grevia
1098 2733 1161 2802 su·

110 2820 343 2902 perveniant
363 2817 486 2881 animi
510 2815 704 2900 deliquia,
728 2819 1021 2896 convulsiones,
1044 2821 1168 2905 para?
1189 2907 1192 2914 ι
1215 2821 1218 2826 ’

114 2919 370 3002 lysis,m0rs.
406 2921 600 2984 Summam
625 2919 756 3002 vigere
787 2919 1034 2988 stimulorum
1062 2929 1164 2986 rece-

110 3024 336 3111 ptivitatem
349 3021 391 3088 i'n
406 3025 477 3088 hoc
489 3025 645 3098 viscere,
659 3021 1030 3088 medicamentorum
1043 3033 1081 3106 et
1093 3049 1160 3091 ve-

110 3129 545 3214 nenorumingestorum
566 3127 789 3192 subitaneus
802 3126 974 3193 ostendit
986 3124 1160 3209 effectus,

73 3247 75 3250 ·
113 3238 150 3295 et
171 3230 311 3294 docent
329 3229 513 3304 emetita,
534 3248 630 3314 quae
662 3251 683 3290 a
714 3227 874 3291 remotis
906 3227 1029 3292 etiam
1060 3231 1159 3298 locis

110 3335 150 3396 in
168 3313 428 3398 ventriculum
450 3337 571 3415 agunt
581 3373 592 3406 ,
608 3323 834 3415 specificam
846 3329 959 3413 hujus
979 3333 1160 3401 vitalita-

109 3441 189 3501 tem
211 3439 262 3522 (§.
278 3435 369 3522 66·)·
391 3435 448 3504 Ob
470 3455 624 3502 sensum
642 3429 1023 3518 hunc'peculiarem,
1053 3439 1159 3504 Hu-

110 3535 292 3605 Morttt'us
318 3537 471 3600 animae
493 3535 775 3606 intellectualis
799 3537 927 3602 'sedem
948 3537 991 3602 in
1008 3543 1159 3608 ventri.

110 3645 198 3710 culo
220 3643 381 3708 existere
405 3641 534 3706 docuit
553 3641 600 3726 (§.
623 3661 676 3727 30·
701 3664 738 3706 n.
758 3646 827 3728 3),
853 3663 969 3729 quarn
1002 3647 1160 3730 opinio·
1207 3626 1210 3650 ¹

106 3767 201 3814 uem
222 3749 363 3814 et'Joh.
381 3753 624 3814 Woonwann
647 3749 877 3832 sequebatur
895 3747 950 3836 f).
972 3751 1087 3818 Plura
1112 3755 1159 3820 do

111 3853 315 3940 organicae
336 3853 609 3918 sensibilitatis
632 3855 704 3922 hoc
725 3860 853 3919 centro
877 3860 962 3920 tum
972 3855 1181 3936 dicemus„-

109 3956 178 4050 ubi
197 3958 448 4042 magnetismi
480 3951 662 4024 animalis
695 3960 955 4024 scrutabimur
984 3945 1178 4044 phasan-s

110 4078 238 4126 mena.
288 4075 297 4092 ⁸
970 4078 976 4088 ’

19 4283 21 4289 Α
173 4186 236 4291 ,5)
262 4164 348 4269 Ipse
367 4140 530 4273 denibus
548 4188 838 4270 phaenomena,
861 4149 1159 4274 quaedigsstioa
1222 4258 1227 4267 Ι

97 4305 199 4354 rnom
228 4289 506 4371 comitentur,
534 4291 750 4364 manifeste
781 4291 1024 4372 ostendunt,
1065 4291 1160 4368 surr,⁴
