2956 4996
256 407 326 476 3⁰⁰
412 389 499 454 Lina
516 387 550 453 1Ι.
573 390 664 454 cnr.
685 384 749 452 111.
773 379 833 450 Dn
856 393 1166 454 sterrnarrorr.

343 533 464 600 Causa
484 534 664 617 proxima
684 531 782 596 risus
804 530 929 593 omnis
949 531 1100 615 generis
1124 532 1168 596 in
1188 543 1307 598 nervo

259 635 444 717 phrenico
478 634 695 720 quaerenda
725 631 904 712 videtur,
932 634 1125 718 siquidem
1158 655 1202 700 eo
1237 637 1307 699 ad·

258 739 360 803 fecto
385 741 614 802 subrideant
643 737 771 820 aegri,
793 741 831 801 et
853 737 979 802 omnis
1003 737 1102 801 risus
1129 757 1213 802 oum
1247 737 1307 802 di·
1362 733 1366 745 '

259 845 527 929 aphragmatis
562 851 670 908 motu
694 843 747 907 sit
776 843 1015 926 conjunctus.
1054 846 1149 910 Sunt
1176 851 1307 910 autem

133 979 145 1005 .
260 965 394 1008 causae
424 947 581 1025 variae,
614 965 711 1030 quae
736 965 873 1009 nervos
903 944 1213 1030 diaphragmetis
1236 937 1307 1012 ad-

258 1050 373 1147 ficere
394 1049 449 1116 sic
476 1051 657 1134 possunt,
682 1057 726 1114 ut
744 1057 896 1134 septum
914 1048 1017 1114 -illud
1043 1049 1308 1114 musculosum

258 1155 303 1218 in
336 1156 582 1218 convulsivos
617 1161 754 1240 agatur
784 1161 935 1231 motus,
958 1154 1109 1239 ipsique
1138 1152 1308 1217 musculi
1392 1208 1396 1225 s

258 1258 379 1324 faciei
400 1259 441 1322 in
463 1259 685 1344 synergium
709 1259 960 1324 adducantur.
983 1261 1135 1322 Dantur
1159 1255 1304 1342 quippe

147 1375 152 1389 ·
259 1362 438 1428 homines
472 1363 526 1452 sio
559 1363 825 1446 dispositi,ut
845 1365 932 1424 cute
954 1361 996 1426 in
1024 1359 1191 1446 quadem
1224 1379 1308 1424 cor-

258 1467 363 1550 poris
398 1474 509 1550 parte
539 1467 730 1546 titillata,
763 1467 805 1531 in
832 1467 955 1530 risum
986 1463 1161 1528 incidant
1192 1462 1310 1527 invo-

259 1570 496 1646 luntarium,
518 1592 630 1654 saepe
649 1571 906 1654 periculosum
930 1571 1006 1654 **).
1034 1567 1175 1632 Rident
1195 1585 1311 1649 saepe

258 1675 429 1740 feminae
451 1679 522 1740 sub
548 1676 744 1762 hystorico
774 1676 945 1752 insultu3
966 1673 1129 1757 antiqua
1152 1678 1209 1735 est
1239 1673 1310 1736 ob·

258 1780 454 1854 servatio,
482 1776 762 1842 recentioribus
797 1777 917 1838 etiam
951 1773 1184 1836 confirmata
1217 1790 1309 1852 pra-

263 1881 407 1956 cticis,
434 1879 611 1942 homines
644 1875 842 1943 subridere
879 1894 1189 1960 nonnunquam,
1218 1889 1309 1934 cum

262 1983 519 2068 diaphragma
540 1984 688 2046 laesum
709 1988 766 2045 est
784 1988 851 2046 aut
868 1981 1156 2047 inflammatum
1170 2019 1179 2052 ,
1192 1983 1229 2040 et
1249 1975 1311 2040 di.

261 2083 363 2148 citur
385 2086 417 2148 is
449 2087 550 2150 risus
574 2086 865 2150 Sardonius
889 2105 933 2147 ex
956 2104 1024 2160 eo,
1048 2079 1154 2166 ‘quod
1183 2077 1309 2145 herba

257 2186 426 2264 Sardoa,
449 2187 586 2270 ignota
608 2187 743 2262 nobis,
767 2193 810 2250 ut
832 2195 982 2252 veteres
1012 2185 1187 2252 referunt
1212 2180 1310 2250 scria

258 2297 407 2374 ptores,
430 2292 599 2356 similem
617 2292 862 2356 suscitaverit
887 2292 945 2376 a).
1065 2367 1068 2378 ,
1308 2292 1311 2298 ’

264 2502 268 2510 ,
342 2453 551 2538 Psychicae
576 2459 714 2518 tamen
746 2474 880 2518 causae
912 2453 1035 2516 risum
1066 2452 1310 2538 frequentina

226 2549 229 2556 ’
258 2561 442 2635 movent,
472 2557 583 2620 ideae
619 2559 763 2638 quippe
795 2555 1006 2630 ridiculae,
1028 2573 1191 2640 quarum
1221 2559 1310 2642 qui-

258 2659 346 2722 dem
366 2656 556 2740 expositio
580 2653 757 2722 difficilis
783 2663 852 2722 est.
886 2659 1036 2722 Dicunt
1055 2665 1183 2724 eutem
1211 2641 1310 2724 ridi·

259 2763 387 2826 culum
406 2759 518 2824 nobis
538 2780 640 2834 osse,
666 2779 751 2822 cum
782 2759 892 2824 ideae
916 2767 1151 2832 concur-runt
1172 2761 1214 2825 in
1240 2763 1311 2826 ob-

259 2863 360 2944 iecto
384 2862 552 2948 quodam
580 2859 778 2945 *discordes
809 2861 925 2940 adeo,
946 2868 989 2926 ut
1016 2862 1236 2948 conjunctio
1259 2885 1310 2930 ea

259 2965 410 3050 aliquid
441 2965 584 3028 habeat
606 2965 788 3039 absurdi,
813 2965 906 3050 quin
932 2963 1064 3030 tamen
1096 2985 1212 3050 grave
1235 2965 1309 3030 ali·-

133 3145 134 3148 ,
260 3068 362 3156 quod
382 3066 471 3132 inde
494 3071 676 3131 nascatur
690 3067 981 3132 detrimentum.
1003 3068 1157 3150 Optime
1174 3074 1309 3136 tamen

259 3177 394 3236 monet
414 3173 444 3236 J.
465 3171 503 3236 P.
527 3170 735 3246 filonem,
757 3171 950 3254 duplicem
967 3171 1113 3256 requiri
1135 3173 1309 3236 antithe-

259 3276 342 3339 sin:
366 3274 619 3354 objectivam‚
641 3295 774 3339 sensus
806 3280 959 3340 nostros.
979 3273 1246 3349 adficientem,
1268 3283 1308 3340 et

261 3379 540 3460 subjectivum,
562 3399 676 3465 quam
706 3385 843 3442 nostra
873 3380 1086 3445 substituat
1116 3379 1216 3446 ratio
1243 3378 1306 3466 b).

260 3484 509 3552 Advertimus
531 3486 635 3554 enim
654 3484 862 3548 admodum
886 3486 1071 3550 relativas
1096 3485 1307 3558 essejdess

260 3589 447 3654 ridiculas
460 3629 471 3662 ,
490 3607 559 3670 pro
580 3588 734 3652 ratione
756 3588 901 3652 diversi
932 3589 1154 3652 intellectus
1177 3593 1215 3651 et
1242 3607 1305 3652 ras

261 3692 386 3757 tionis
409 3695 555 3766 cultus,
575 3698 612 3759 et
642 3709 712 3773 pro
742 3691 855 3756 varia
877 3685 918 3754 in
945 3690 1112 3755 diversis
1145 3689 1308 3772 objectis

262 3796 555 3862 informatione.
586 3797 661 3878 Qui
681 3796 815 3860 rudem
838 3803 876 3859 et
894 3796 1084 3860 incultum
1104 3795 1308 3862 hominem

264 3900 314 3963 ad
342 3900 574 3966 cachinnum
595 3901 775 3983 perducit
801 3901 906 3986 jocus
936 3901 1126 3979 insulsus,
1152 3902 1307 3966 homini

261 4007 365 4069 culto
383 4006 695 4092 indignationem
714 4007 846 4089 potius
866 4013 1015 4083 movet,
1039 4015 1075 4074 et
1093 4009 1212 4073 hebet
1236 4007 1306 4070 ilie

263 4129 333 4194 pro
362 4111 462 4179 serie
489 4119 557 4182 aut
581 4108 831 4178 indifferente
854 4113 995 4176 saltem
1015 4135 1078 4186 re,
1093 4131 1208 4199 quam
1238 4109 1306 4174 hio

158 4289 160 4310 Ι
264 4235 351 4284 cum
372 4220 544 4287 maxima
568 4217 715 4286 deridet
742 4223 959 4304 voluptate·
990 4215 1124 4288 Altera
1145 4213 1306 4286 moratis
1375 4295 1384 4314 .
