2892 5004
235 372 251 488 ..⁴
283 421 327 487 ss
370 411 457 508 12¹³·
474 405 502 472 1.
521 405 610 469 css.
637 401 683 468 11.
702 403 761 468 Dr.
779 384 973 468 sununs.
986 393 1248 472 uressrrors.

285 528 472 640 subigunt
492 549 609 614 simul
630 545 803 632 gelatina
826 540 1102 630 atquesalinae
1113 546 1227 634 hujus
1239 563 1333 630 par-

285 665 343 724 tes
362 655 601 723 substantias
622 653 798 715 ciboru'm
820 653 992 734 oleosas,
1015 651 1132 736 inque
1152 653 1338 718 emulsio·

283 764 344 828 nis
365 765 595 847 convertunt
614 757 793 839 speciem.

258 925 266 944 “
370 909 494 990 Auget
516 897 762 986 oxydationis
791 891 904 962 hunc
927 917 1145 981 processum
1176 903 1227 966 et
1222 923 1332 987 pro-

247 1021 260 1052 *
284 1015 417 1076 movet
442 1007 632 1074 chemino·
635 1003 808 1068 vitalem
823 1001 999 1066 humoris
1027 1005 1187 1086 gastrici
1209 1007 1333 1070 actio-

223 1166 224 1175 ,
284 1135 372 1179 nem
401 1115 466 1176 eie‘r
490 1129 669 1196 quoque,
693 1105 758 1187 qui
786 1105 872 1168 cibo
904 1105 1008 1170 inter
1041 1099 1331 1174 masticandum
1377 1143 1378 1150 ι

285 1217 533 1284 admiscetur.
557 1213 649 1277 Inde
670 1212 792 1296 igitur
816 1215 892 1285 est,
914 1208 1036 1297 quod
1041 1213 1228 1300 contagia
1262 1234 1332 1297 per

276 1313 546 1386 'ventriculum
559 1317 687 1380 minus
710 1320 849 1398 agant,
870 1331 985 1400 quam
1006 1335 1074 1398 por
1090 1317 1174 1380 vias
1208 1319 1306 1382 alias
1318 1365 1331 1401 ,

283 1423 476 1511 siquidem
488 1419 637 1486 indoles
651 1437 783 1482 eorum
795 1417 1053 1500 ,phlogistica
1065 1421 1329 1501 potissimum,

282 1547 351 1613 per
361 1541 583 1610 processum
597 1543 669 1607 oxy
676 1523 832 1586 dantem
842 1521 905 1585 hic
915 1521 1204 1612 destruaturc).
1218 1525 1330 1589 Prae·

283 1639 362 1716 slat
381 1632 483 1696 idem
503 1633 590 1703 adr,
610 1627 679 1712 qui
700 1626 909 1691 ventriculi
932 1630 1058 1692 calore
1079 1619 1328 1716 expanditur,

283 1744 321 1800 et
341 1755 426 1800 eam
446 1733 685 1804 utilitatem,
713 1728 815 1814 quod
836 1729 913 1792 cibi
942 1731 1154 1812 particulas
1190 1735 1237 1798 ab
1268 1738 1330 1800 in.

119 1824 132 1901 ⁹.
260 1841 405 1912 ‚vicem
438 1836 660 1908 dissolvat,
694 1833 873 1918 ipsosque
918 1835 1128 1922 ventriculi
1161 1843 1329 1923 parietes

177 1923 178 1930 ἵ
281 1940 437 2016 tendat,
458 1944 496 2006 et
517 1939 559 2007 in
577 1937 709 2003 vicina
725 1942 815 2020 agat
837 1937 1007 2012 viscera,
1024 1945 1148 2024 ¹atque
1167 1944 1328 2011 stimulo

282 2065 350 2111 suo
374 2040 599 2112 mechanico
619 2039 840 2104 functiones
873 2059 1007 2104 eorum
1037 2031 1231 2108 concitare
1261 2047 1330 2111 ad-

276 2144 617 2236 jusetlnsignem
640 2147 771 2204 autem
792 2139 869 2206 esse
892 2145 999 2223 a'e'ris'
1025 2130 1330 2229 atmospliaerici

270 2252 324 2317 .in
348 2247 564 2332 digestione
578 2249 759 2329 partem,
779 2245 897 2308 valea
912 2247 1330 2338 ostenditobservatio,

100 2434 101 2441 ἵ
173 2363 177 2369 ’
282 2354 481 2444 quodoris
504 2373 640 2417 cavum
661 2352 702 2416 in
725 2352 920 2438 plerisque
942 2335 1179 2422 animalibus
1211 2361 1329 2426 simul

281 2461 335 2526 sit
355 2463 484 2534 locus,
507 2477 580 2542 quo
602 2459 667 2520 a'e'r
689 2454 937 2542 adspiratur.
948 2461 1238 2528 Inavibusdein
1260 2467 1327 2533 aar

273 2563 531 2648 ¹adspiratus
521 2583 563 2626 ιιι
589 2557 745 2626 cellulas
766 2562 873 2638 abit,
893 2565 1109 2631 ventriculo
1132 2577 1170 2632 et
1197 2569 1328 2655 inglu-

279 2671 362 2760 ¹viai
389 2658 577 2742 adnexas}
598 2663 639 2728 in
660 2666 832 2746 piscibus
847 2668 977 2732 vesica
997 2672 1111 2734 eirea
1132 2677 1329 2744 notationi

279 2775 498 2863 praefecta,
520 2767 561 2830 in
583 2767 843 2852 oesophagum
866 2771 1239 2862 aperitur3denique
1257 2801 1326 2844 va-

251 2889 255 2896 “
280 2902 325 2946 sa
347 2880 459 2942 ae'rea
478 2874 714 2939 insectorum
734 2893 941 2943 numerosa
960 2879 1221 2947 ventriculum
1233 2885 1327 2951 ade·

266 2988 354 3050 'unt
377 2979 439 3068 d).

367 3141 699 3232 Quemadmodum
717 3148 821 3212 calor
840 3147 1033 3214 chemicas
1054 3157 1168 3236 auget
1186 3149 1328 3219 adfini-

281 3257 384 3318 tates
412 3256 451 3315 et
479 3249 620 3330 vitales
654 3257 858 3335 promovet
885 3252 1104 3318 functiones
1133 3253 1189 3339 (d.
1220 3277 1326 3340 223·-

211 3333 358 3433 224.
363 3353 407 3439 ),
425 3355 485 3418 ita
506 3359 543 3416 et
556 3351 812 3437 digestionem
824 3353 1035 3435 plurimum
1056 3357 1225 3442 adjuvet.
1249 3361 1327 3426 Ob-

223 3440 237 3551 ῥῘ
281 3457 879 3545 servationibusSessssnzsrrrr
900 3466 1071 3540 constat,
1085 3481 1237 3526 succum
1259 3483 1327 3546 ga·

283 3555 601 3632 stricumearnes
624 3558 693 3640 rix
713 3565 886 3634 mutare,
910 3581 996 3625 eum
1019 3563 1327 3650 infra1o,'g1:.fu-

286 3661 367 3727 erit
387 3663 674 3744 temperatura,
698 3679 818 3744 eoque
852 3663 1014 3728 celerius
1041 3685 1112 3730 eas
1136 3665 1327 3745 dissolvi,

284 3787 359 3856 quo
390 3768 510 3832 altior
542 3764 665 3830 fuerit
693 3767 833 3831 caloris
865 3767 1006 3852 gradus
1038 3771 1096 3858 e).
1130 3772 1327 3838 Animalia

279 3871 420 3958 frigidi
441 3868 665 3963 sparguinis,
688 3887 785 3954 quae
808 3871 855 3933 ab
881 3877 1035 3936 externa
1062 3879 1330 3958 temperatura

282 3975 409 4060 magis
428 3969 651 4054 ‘spondent
659 4011 671 4047 ,
683 3971 1124 4058 hyemalite'mporevix
1135 3978 1328 4064 digerunt.

280 4077 462 4162 Vicissim
483 4080 643 4159 augetur
664 4077 836 4159 eorporis
859 4080 962 4145 ealor
986 4099 1055 4163 per
1079 4081 1202 4166 ipsam
1221 4081 1330 4172 dige-

282 4184 481 4254 ationem,
501 4185 545 4242 ut
567 4179 662 4248 adeo
683 4179 840 4244 uberior
860 4181 937 4244 cibi
959 4183 1207 4251 manducatio
1234 4208 1327 4253 con-

281 4267 487 4380 gelationis
511 4284 666 4350 minuat
685 4284 924 4371 periculum,
939 4287 1098 4378 ipsaque
1111 4295 1218 4380 regio
1231 4318 1326 4365 ven-
