2956 4996
177 399 190 500 J
265 441 332 526 ast¹
415 421 506 492 tra.
527 419 555 484 1.
576 417 667 482 car.
684 413 748 480 111.
768 415 827 506 De
856 427 1171 512 nrsrrssrroru.

432 666 438 680 .
563 565 1042 681 H.Pucmouns'

716 793 747 862 §-
789 775 867 868 320ss

457 948 460 956 Ι
519 975 815 1085 Pulmonum
848 987 1070 1056 fabrica.

243 1217 246 1221 .
354 1159 523 1240 Haerent
541 1155 583 1220 in
605 1137 764 1268 pleurae
780 1151 902 1218 saccis
918 1149 938 1235 (
950 1159 977 1230 §.
999 1150 1106 1235 319.)
1125 1149 1317 1235 pulmo⁴

272 1283 300 1332 n
314 1285 360 1330 es
380 1259 492 1340 duo,
485 1259 616 1323 dexter
636 1260 786 1339 major,
804 1257 930 1320 minor
954 1247 1125 1330 sinister,
1142 1273 1209 1336 per
1226 1271 1321 1316 vasu

201 1407 206 1417 ·
273 1367 496 1452 sanguifera
525 1383 774 1448 magnacum
801 1361 936 1436 c'orde,
954 1380 1097 1480 perque
1127 1358 1318 1425 bronchos

178 1484 180 1494 ’
274 1487 362 1539 cum
380 1468 542 1533 trachea
565 1463 783 1556 arctissime
805 1461 987 1538 connexi,
988 1441 1158 1548 reliquo
1188 1479 1322 1526 eorum

234 1605 238 1610 ·
276 1575 452 1650 ambitu,
472 1567 549 1635 ut
538 1593 580 1635 1n
600 1565 769 1635 normali
791 1576 893 1634 statu
916 1575 996 1644 est,
1019 1569 1162 1652 ubique
1180 1569 1322 1638 libero·

276 1675 414 1752 Pleura
435 1653 591 1748 tamen,
612 1695 635 1737 a
654 1669 768 1736 vasis
783 1665 961 1756 magnis
956 1665 1128 1750 reflexa,
1149 1671 1324 1754 superius

273 1785 497 1859 memorate
536 1773 694 1860 effingit
732 1773 946 1861 ligamenta
982 1767 1253 1858 pulmonalia,
1283 1771 1324 1838 et

274 1873 504 1968 producitur
535 1877 654 1942 simul
684 1897 751 1960 per
786 1897 940 1944 omnem
970 1856 1160 1942 viicsrum
1196 1877 1323 1964 ambi·

278 1995 385 2057 tum,
410 1983 596 2046 extimam
612 2001 743 2045 eorum
764 1981 1004 2046 constituens
1034 1981 1221 2048 tunicam.
1250 1979 1325 2043 Te

280 2087 428 2154 nerior
425 2085 529 2148 haec
552 2089 609 2148 est
637 2085 866 2149 membrana
887 2103 1002 2168 quam
1024 2103 1111 2168 pers
1139 2103 1204 2156 ea,
1228 2101 1328 2166 quae

279 2187 453 2255 thoracis
483 2187 646 2252 investit
673 2205 831 2262 cavum,
859 2192 987 2272 estque
1016 2194 1124 2252 textu
1145 2187 1327 2252 celluloso

280 2292 414 2368 brevi,
434 2290 585 2354 nullam
605 2285 882 2374 pinguedinem
905 2291 1154 2370 continente,
1174 2293 1327 2376 pulmo-

187 2384 190 2402 '
224 2483 227 2490 Ι
283 2415 379 2469 num
399 2386 640 2459 cubitantiae
661 2389 823 2458 adnexa.

367 2555 511 2640 Figura
528 2553 756 2638 pulmonum
776 2552 931 2638 pleurae
955 2555 1061 2618 cavis
1083 2553 1252 2639 perfecte
1267 2577 1330 2620 re·

286 2659 460 2747 spondet.
485 2659 672 2724 Referunt
688 2657 818 2746 itaque
838 2646 951 2722 conos
972 2659 1222 2744 irregulares,
1235 2679 1331 2744 quo-

237 2782 240 2786 “
284 2789 373 2836 rum
394 2765 519 2840 basis,
540 2762 696 2846 oblique
727 2781 914 2836 concava,
934 2781 1126 2828 convexae
1147 2761 1331 2846 diaphra-

287 2867 430 2957 gmatis
451 2865 567 2931 faciei
584 2860 1051 2945 adcommodatur3facies
1070 2869 1225 2932 externa
1242 2887 1334 2931 con-

286 2993 417 3046 vexa,
447 2967 620 3032 anterius
651 2967 732 3033 fere
760 2967 911 3049 plane,
948 2971 1063 3034 costis
1102 2970 1333 3056 respondetg

289 3098 366 3164 qus
394 3071 526 3140 dexter
555 3071 689 3154 pulmo
724 3069 927 3134 sinistrum
957 3063 1145 3154 respicit,
1172 3080 1336 3160 uterque

290 3180 462 3248 anterius
481 3178 619 3260 plenus
641 3181 716 3250 est,
729 3175 894 3252 interius
917 3196 1008 3242 vero
1018 3191 1035 3254 ,¹
1048 3176 1204 3242 sinister
1225 3199 1335 3262 prae-

292 3289 432 3369 cipue,
471 3281 595 3346 cordis
632 3301 744 3346 causa
781 3276 957 3348 sinuatus
995 3285 1178 3350 cernitur.
1222 3285 1335 3350 Gerit

290 3373 490 3476 praeterea
517 3381 651 3465 pulmo
684 3382 842 3450 sinister
871 3387 912 3452 in
946 3388 1120 3472 margine
1148 3385 1334 3456 inferiore

291 3511 362 3578 pro
393 3488 501 3571 apice
530 3483 655 3549 cordis
687 3493 887 3552 arcuatam
916 3489 1149 3572 excisuram3
1171 3512 1219 3558 ,ee
1237 3510 1332 3556 vero

291 3597 421 3679 parte,
442 3590 526 3674 qua'
551 3585 769 3670 superficies
801 3593 1029 3674 pulmonum
1059 3595 1216 3660 externa
1247 3611 1337 3658 cum

291 3695 478 3762 interiore
505 3690 722 3770 concurrit,
742 3695 934 3778 margines
964 3695 1217 3772 formantur,
1226 3703 1338 3761 ante·

292 3802 375 3868 rior
405 3793 603 3872 scindens,
636 3797 825 3878 posterior
866 3797 1096 3864 rotundatos
1135 3803 1189 3889 a)
1224 3793 1340 3866 color

293 3888 559 3992 pulmonum
545 3919 587 3962 1n
609 3897 828 3964 infantibus
859 3899 1050 3984 pallidus,
1081 3901 1213 3967 flavo·
1223 3897 1340 3968 rube-

294 4027 427 4082 scens,
449 4003 490 4066 in
512 4001 640 4083 pueris
659 3997 834 4085 squalida
862 4022 1042 4082 carneus,
1066 4005 1106 4068 in
1130 4003 1339 4070 adultiori·

293 4108 365 4176 bus
388 4105 551 4177 lividus,
571 4104 785 4192 caeruleus,
811 4105 1060 4210 ⁸maculisque
1091 4108 1187 4176 atris
1218 4108 1342 4176 inter·

295 4231 447 4300 spernus
471 4205 652 4278 cernitur.
