<?xml version="1.0" encoding="UTF-8"?>
<!DOCTYPE html PUBLIC "-//W3C//DTD XHTML 1.0 Transitional//EN"
    "http://www.w3.org/TR/xhtml1/DTD/xhtml1-transitional.dtd">
<html xmlns="http://www.w3.org/1999/xhtml" xml:lang="en" lang="en">
 <head>
  <title>
</title>
<meta http-equiv="Content-Type" content="text/html;charset=utf-8" />
  <meta name='ocr-system' content='tesseract 3.04.00' />
  <meta name='ocr-capabilities' content='ocr_page ocr_carea ocr_par ocr_line ocrx_word'/>
</head>
<body>
  <div class='ocr_page' id='page_1' title='image "./physiologiamedi03lenhgoog_0178.png"; bbox 0 0 2922 4996; ppageno 0'>
   <div class='ocr_carea' id='block_1_1' title="bbox 17 4283 20 4346">
    <p class='ocr_par' dir='ltr' id='par_1_1' title="bbox 17 4283 20 4346">
     <span class='ocr_line' id='line_1_1' title="bbox 17 4283 20 4346; baseline 0 0"><span class='ocrx_word' id='word_1_1' title='bbox 17 4283 20 4346; x_wconf 79' lang='lat' dir='ltr'><strong>l</strong></span> 
     </span>
    </p>
   </div>
   <div class='ocr_carea' id='block_1_2' title="bbox 279 357 1332 448">
    <p class='ocr_par' dir='ltr' id='par_1_2' title="bbox 279 357 1332 448">
     <span class='ocr_line' id='line_1_2' title="bbox 279 357 1332 448; baseline -0.006 -18"><span class='ocrx_word' id='word_1_2' title='bbox 279 365 385 430; x_wconf 80' lang='lat' dir='ltr'><strong>seer.</strong></span> <span class='ocrx_word' id='word_1_3' title='bbox 409 359 456 428; x_wconf 92' lang='lat'><strong>11.</strong></span> <span class='ocrx_word' id='word_1_4' title='bbox 477 361 536 428; x_wconf 83' lang='lat' dir='ltr'><strong>Dr</strong></span> <span class='ocrx_word' id='word_1_5' title='bbox 557 371 671 426; x_wconf 81' lang='lat' dir='ltr'><strong>seru</strong></span> <span class='ocrx_word' id='word_1_6' title='bbox 688 370 867 422; x_wconf 74' lang='lat' dir='ltr'><strong>rosum.</strong></span> <span class='ocrx_word' id='word_1_7' title='bbox 886 357 928 422; x_wconf 85' lang='lat' dir='ltr'><strong>v.</strong></span> <span class='ocrx_word' id='word_1_8' title='bbox 954 369 1114 424; x_wconf 79' lang='lat' dir='ltr'><strong>cursus.</strong></span> <span class='ocrx_word' id='word_1_9' title='bbox 1162 365 1217 448; x_wconf 76' lang='lat'><strong>¹8¹</strong></span> <span class='ocrx_word' id='word_1_10' title='bbox 1325 358 1332 373; x_wconf 88' lang='lat'><strong><em>‘</em></strong></span> 
     </span>
    </p>
   </div>
   <div class='ocr_carea' id='block_1_3' title="bbox 177 499 1318 804">
    <p class='ocr_par' dir='ltr' id='par_1_3' title="bbox 177 499 1318 804">
     <span class='ocr_line' id='line_1_3' title="bbox 180 499 1222 592; baseline -0.008 -18"><span class='ocrx_word' id='word_1_11' title='bbox 180 527 287 574; x_wconf 81' lang='lat' dir='ltr'><strong>essen</strong></span> <span class='ocrx_word' id='word_1_12' title='bbox 317 507 487 592; x_wconf 77' lang='lat' dir='ltr'>dignitas</span> <span class='ocrx_word' id='word_1_13' title='bbox 519 501 571 589; x_wconf 83' lang='lat'><strong>(5.</strong></span> <span class='ocrx_word' id='word_1_14' title='bbox 589 501 694 584; x_wconf 80' lang='lat'><strong>296.)</strong></span> <span class='ocrx_word' id='word_1_15' title='bbox 717 499 965 585; x_wconf 80' lang='lat' dir='ltr'><strong>intelligitur.</strong></span> <span class='ocrx_word' id='word_1_16' title='bbox 998 500 1139 568; x_wconf 84' lang='lat' dir='ltr'><strong>lisdem</strong></span> <span class='ocrx_word' id='word_1_17' title='bbox 1161 523 1222 566; x_wconf 87' lang='lat' dir='ltr'><strong>ra·</strong></span> 
     </span>
     <span class='ocr_line' id='line_1_4' title="bbox 178 603 1228 688; baseline -0.009 -11"><span class='ocrx_word' id='word_1_18' title='bbox 178 611 352 677; x_wconf 76' lang='lat' dir='ltr'><strong>tionibus</strong></span> <span class='ocrx_word' id='word_1_19' title='bbox 371 607 468 675; x_wconf 88' lang='lat' dir='ltr'><strong>moti</strong></span> <span class='ocrx_word' id='word_1_20' title='bbox 490 605 700 681; x_wconf 86' lang='lat' dir='ltr'><strong>credimus,</strong></span> <span class='ocrx_word' id='word_1_21' title='bbox 729 603 933 687; x_wconf 85' lang='lat' dir='ltr'><strong>lympham</strong></span> <span class='ocrx_word' id='word_1_22' title='bbox 960 605 1129 688; x_wconf 84' lang='lat' dir='ltr'><strong>eorporis</strong></span> <span class='ocrx_word' id='word_1_23' title='bbox 1159 605 1228 668; x_wconf 88' lang='lat' dir='ltr'><strong>to·&#39;</strong></span> 
     </span>
     <span class='ocr_line' id='line_1_5' title="bbox 177 675 1318 804; baseline -0.007 -24"><span class='ocrx_word' id='word_1_24' title='bbox 177 717 278 790; x_wconf 85' lang='lat' dir='ltr'><strong>tius,</strong></span> <span class='ocrx_word' id='word_1_25' title='bbox 302 675 348 778; x_wconf 73' lang='lat' dir='ltr'><strong>dx</strong></span> <span class='ocrx_word' id='word_1_26' title='bbox 377 682 560 794; x_wconf 77' lang='lat' dir='ltr'><strong>absorpto</strong></span> <span class='ocrx_word' id='word_1_27' title='bbox 589 709 749 772; x_wconf 88' lang='lat' dir='ltr'><strong>humore</strong></span> <span class='ocrx_word' id='word_1_28' title='bbox 772 713 811 772; x_wconf 89' lang='lat' dir='ltr'><strong>et</strong></span> <span class='ocrx_word' id='word_1_29' title='bbox 840 709 1014 791; x_wconf 86' lang='lat' dir='ltr'><strong>partium</strong></span> <span class='ocrx_word' id='word_1_30' title='bbox 1034 709 1220 804; x_wconf 41' lang='lat' dir='ltr'><strong>resoluti?</strong></span> <span class='ocrx_word' id='word_1_31' title='bbox 1314 695 1318 706; x_wconf 50' lang='lat'>⁵</span> 
     </span>
    </p>
   </div>
   <div class='ocr_carea' id='block_1_4' title="bbox 76 813 1347 1114">
    <p class='ocr_par' dir='ltr' id='par_1_4' title="bbox 76 813 1347 1114">
     <span class='ocr_line' id='line_1_6' title="bbox 134 813 1223 908; baseline -0.006 -22"><span class='ocrx_word' id='word_1_32' title='bbox 134 879 138 886; x_wconf 93' lang='lat'><strong>.</strong></span> <span class='ocrx_word' id='word_1_33' title='bbox 177 841 275 898; x_wconf 87' lang='lat' dir='ltr'><strong>one,</strong></span> <span class='ocrx_word' id='word_1_34' title='bbox 309 839 423 906; x_wconf 89' lang='lat' dir='ltr'><strong>quam</strong></span> <span class='ocrx_word' id='word_1_35' title='bbox 447 821 631 908; x_wconf 82' lang='lat' dir='ltr'><strong>perpetua</strong></span> <span class='ocrx_word' id='word_1_36' title='bbox 661 813 874 898; x_wconf 82' lang='lat' dir='ltr'><strong>organismi</strong></span> <span class='ocrx_word' id='word_1_37' title='bbox 896 815 1223 899; x_wconf 70' lang='lat' dir='ltr'><strong>metamorphosis</strong></span> 
     </span>
     <span class='ocr_line' id='line_1_7' title="bbox 178 915 1337 1008; baseline -0.002 -24"><span class='ocrx_word' id='word_1_38' title='bbox 178 918 238 1005; x_wconf 83' lang='lat'><strong>(5.</strong></span> <span class='ocrx_word' id='word_1_39' title='bbox 262 924 348 1008; x_wconf 81' lang='grc'><strong><em>78.)</em></strong></span> <span class='ocrx_word' id='word_1_40' title='bbox 373 924 545 1003; x_wconf 72' lang='lat' dir='ltr'><strong>junctam</strong></span> <span class='ocrx_word' id='word_1_41' title='bbox 564 917 640 982; x_wconf 91' lang='lat' dir='ltr'><strong>sibi</strong></span> <span class='ocrx_word' id='word_1_42' title='bbox 660 917 781 982; x_wconf 86' lang='lat' dir='ltr'><strong>habet</strong></span> <span class='ocrx_word' id='word_1_43' title='bbox 801 915 882 1000; x_wconf 92' lang='lat' dir='ltr'><strong>m),</strong></span> <span class='ocrx_word' id='word_1_44' title='bbox 905 921 1054 993; x_wconf 88' lang='lat' dir='ltr'><strong>ortam,</strong></span> <span class='ocrx_word' id='word_1_45' title='bbox 1074 917 1221 1000; x_wconf 85' lang='lat' dir='ltr'><strong>partim</strong></span> <span class='ocrx_word' id='word_1_46' title='bbox 1336 934 1337 943; x_wconf 58' lang='lat'>¹</span> 
     </span>
     <span class='ocr_line' id='line_1_8' title="bbox 76 1019 1347 1114; baseline -0.001 -26"><span class='ocrx_word' id='word_1_47' title='bbox 76 1104 78 1114; x_wconf 26' lang='grc' dir='ltr'>Ι</span> <span class='ocrx_word' id='word_1_48' title='bbox 175 1045 246 1110; x_wconf 89' lang='lat' dir='ltr'><strong>per</strong></span> <span class='ocrx_word' id='word_1_49' title='bbox 279 1021 498 1108; x_wconf 70' lang='lat' dir='ltr'><strong>generalem</strong></span> <span class='ocrx_word' id='word_1_50' title='bbox 536 1019 866 1104; x_wconf 89' lang='lat' dir='ltr'><strong>lymphaticorum</strong></span> <span class='ocrx_word' id='word_1_51' title='bbox 899 1037 1079 1084; x_wconf 84' lang='lat' dir='ltr'><strong>vesorum</strong></span> <span class='ocrx_word' id='word_1_52' title='bbox 1111 1027 1221 1088; x_wconf 89' lang='lat' dir='ltr'><strong>trun·</strong></span> <span class='ocrx_word' id='word_1_53' title='bbox 1271 1053 1279 1071; x_wconf 52' lang='grc' dir='ltr'>ι</span> <span class='ocrx_word' id='word_1_54' title='bbox 1341 1058 1347 1066; x_wconf 92' lang='grc'>-</span> 
     </span>
    </p>
   </div>
   <div class='ocr_carea' id='block_1_5' title="bbox 177 1117 1218 1210">
    <p class='ocr_par' dir='ltr' id='par_1_5' title="bbox 177 1117 1218 1210">
     <span class='ocr_line' id='line_1_9' title="bbox 177 1117 1218 1210; baseline 0.002 -22"><span class='ocrx_word' id='word_1_55' title='bbox 177 1145 287 1202; x_wconf 90' lang='lat' dir='ltr'><strong>cum,</strong></span> <span class='ocrx_word' id='word_1_56' title='bbox 320 1125 466 1210; x_wconf 86' lang='lat' dir='ltr'><strong>partim</strong></span> <span class='ocrx_word' id='word_1_57' title='bbox 490 1144 577 1186; x_wconf 86' lang='lat' dir='ltr'><strong>vero</strong></span> <span class='ocrx_word' id='word_1_58' title='bbox 605 1140 671 1204; x_wconf 86' lang='lat' dir='ltr'><strong>per</strong></span> <span class='ocrx_word' id='word_1_59' title='bbox 700 1121 783 1184; x_wconf 84' lang='lat' dir='ltr'><strong>vies</strong></span> <span class='ocrx_word' id='word_1_60' title='bbox 815 1117 1065 1187; x_wconf 82' lang='lat' dir='ltr'><strong>brevissimas</strong></span> <span class='ocrx_word' id='word_1_61' title='bbox 1086 1123 1128 1189; x_wconf 91' lang='lat' dir='ltr'><strong>in</strong></span> <span class='ocrx_word' id='word_1_62' title='bbox 1151 1146 1218 1190; x_wconf 83' lang='lat' dir='ltr'><strong>ve·</strong></span> 
     </span>
    </p>
   </div>
   <div class='ocr_carea' id='block_1_6' title="bbox 146 1213 745 1314">
    <p class='ocr_par' dir='ltr' id='par_1_6' title="bbox 146 1213 745 1314">
     <span class='ocr_line' id='line_1_10' title="bbox 146 1213 745 1314; baseline -0.015 -20"><span class='ocrx_word' id='word_1_63' title='bbox 146 1217 150 1220; x_wconf 55' lang='grc'><strong>’</strong></span> <span class='ocrx_word' id='word_1_64' title='bbox 178 1247 319 1294; x_wconf 87' lang='lat' dir='ltr'><strong>nosum</strong></span> <span class='ocrx_word' id='word_1_65' title='bbox 342 1213 484 1290; x_wconf 70' lang='lat' dir='ltr'><strong>deferri</strong></span> <span class='ocrx_word' id='word_1_66' title='bbox 494 1225 745 1314; x_wconf 83' lang='lat' dir='ltr'><strong>sanguinem.</strong></span> 
     </span>
    </p>
   </div>
   <div class='ocr_carea' id='block_1_7' title="bbox 172 1357 1303 1962">
    <p class='ocr_par' dir='ltr' id='par_1_7' title="bbox 172 1357 1303 1962">
     <span class='ocr_line' id='line_1_11' title="bbox 259 1357 1303 1452; baseline 0 -19"><span class='ocrx_word' id='word_1_67' title='bbox 259 1367 332 1433; x_wconf 89' lang='lat' dir='ltr'><strong>Illa</strong></span> <span class='ocrx_word' id='word_1_68' title='bbox 354 1373 483 1432; x_wconf 85' lang='lat' dir='ltr'><strong>autem</strong></span> <span class='ocrx_word' id='word_1_69' title='bbox 514 1365 619 1452; x_wconf 87' lang='lat' dir='ltr'><strong>chyli</strong></span> <span class='ocrx_word' id='word_1_70' title='bbox 649 1384 760 1447; x_wconf 82' lang='lat' dir='ltr'><strong>pars,</strong></span> <span class='ocrx_word' id='word_1_71' title='bbox 790 1383 887 1450; x_wconf 84' lang='lat' dir='ltr'><strong>quse</strong></span> <span class='ocrx_word' id='word_1_72' title='bbox 915 1383 1009 1428; x_wconf 82' lang='lat' dir='ltr'><strong>vasa</strong></span> <span class='ocrx_word' id='word_1_73' title='bbox 1028 1365 1151 1430; x_wconf 83' lang='lat' dir='ltr'><strong>lactea</strong></span> <span class='ocrx_word' id='word_1_74' title='bbox 1180 1375 1225 1433; x_wconf 88' lang='lat' dir='ltr'><strong>et</strong></span> <span class='ocrx_word' id='word_1_75' title='bbox 1301 1357 1303 1366; x_wconf 72' lang='grc'><strong>’</strong></span> 
     </span>
     <span class='ocr_line' id='line_1_12' title="bbox 174 1465 1217 1556; baseline -0.002 -20"><span class='ocrx_word' id='word_1_76' title='bbox 174 1471 377 1556; x_wconf 82' lang='lat' dir='ltr'><strong>glandulas</strong></span> <span class='ocrx_word' id='word_1_77' title='bbox 409 1468 677 1534; x_wconf 84' lang='lat' dir='ltr'><strong>mesentericas</strong></span> <span class='ocrx_word' id='word_1_78' title='bbox 708 1467 870 1542; x_wconf 78' lang='lat' dir='ltr'><strong>transit,</strong></span> <span class='ocrx_word' id='word_1_79' title='bbox 884 1466 1018 1552; x_wconf 88' lang='lat' dir='ltr'><strong>inque</strong></span> <span class='ocrx_word' id='word_1_80' title='bbox 1048 1465 1217 1536; x_wconf 80' lang='lat' dir='ltr'><strong>thoraci-</strong></span> 
     </span>
     <span class='ocr_line' id='line_1_13' title="bbox 173 1569 1219 1652; baseline 0 -14"><span class='ocrx_word' id='word_1_81' title='bbox 173 1595 261 1638; x_wconf 85' lang='lat' dir='ltr'><strong>cum</strong></span> <span class='ocrx_word' id='word_1_82' title='bbox 289 1575 411 1638; x_wconf 82' lang='lat' dir='ltr'><strong>fertur</strong></span> <span class='ocrx_word' id='word_1_83' title='bbox 446 1573 635 1647; x_wconf 88' lang='lat' dir='ltr'><strong>ductum,</strong></span> <span class='ocrx_word' id='word_1_84' title='bbox 666 1570 886 1635; x_wconf 84' lang='lat' dir='ltr'><strong>uberiorem</strong></span> <span class='ocrx_word' id='word_1_85' title='bbox 923 1569 1145 1652; x_wconf 85' lang='lat' dir='ltr'><strong>experitur,</strong></span> <span class='ocrx_word' id='word_1_86' title='bbox 1174 1575 1219 1638; x_wconf 88' lang='lat' dir='ltr'><strong>ut</strong></span> 
     </span>
     <span class='ocr_line' id='line_1_14' title="bbox 175 1673 1218 1770; baseline -0.002 -32"><span class='ocrx_word' id='word_1_87' title='bbox 175 1695 272 1758; x_wconf 85' lang='lat' dir='ltr'><strong>opus</strong></span> <span class='ocrx_word' id='word_1_88' title='bbox 304 1681 387 1754; x_wconf 86' lang='lat' dir='ltr'><strong>est,</strong></span> <span class='ocrx_word' id='word_1_89' title='bbox 407 1673 481 1743; x_wconf 79' lang='lat' dir='ltr'><strong>sui¹</strong></span> <span class='ocrx_word' id='word_1_90' title='bbox 501 1673 782 1748; x_wconf 87' lang='lat' dir='ltr'><strong>mutationem,</strong></span> <span class='ocrx_word' id='word_1_91' title='bbox 806 1677 844 1736; x_wconf 92' lang='lat' dir='ltr'><strong>et</strong></span> <span class='ocrx_word' id='word_1_92' title='bbox 876 1675 1125 1770; x_wconf 70' lang='lat' dir='ltr'><strong>promovetur</strong></span> <span class='ocrx_word' id='word_1_93' title='bbox 1151 1691 1218 1755; x_wconf 86' lang='lat' dir='ltr'><strong>per</strong></span> 
     </span>
     <span class='ocr_line' id='line_1_15' title="bbox 172 1763 1219 1860; baseline -0.002 -20"><span class='ocrx_word' id='word_1_94' title='bbox 172 1777 251 1840; x_wconf 87' lang='lat' dir='ltr'><strong>iter</strong></span> <span class='ocrx_word' id='word_1_95' title='bbox 280 1776 430 1860; x_wconf 82' lang='lat' dir='ltr'><strong>longius</strong></span> <span class='ocrx_word' id='word_1_96' title='bbox 454 1779 569 1860; x_wconf 90' lang='lat' dir='ltr'><strong>atque</strong></span> <span class='ocrx_word' id='word_1_97' title='bbox 598 1773 747 1838; x_wconf 84' lang='lat' dir='ltr'><strong>tardius</strong></span> <span class='ocrx_word' id='word_1_98' title='bbox 778 1793 909 1860; x_wconf 70' lang='lat' dir='ltr'><strong>versus</strong></span> <span class='ocrx_word' id='word_1_99' title='bbox 940 1793 1125 1838; x_wconf 79' lang='lat' dir='ltr'><strong>vanorum</strong></span> <span class='ocrx_word' id='word_1_100' title='bbox 1155 1763 1219 1859; x_wconf 77' lang='lat' dir='ltr'><strong>sy-</strong></span> 
     </span>
     <span class='ocr_line' id='line_1_16' title="bbox 173 1876 1221 1962; baseline -0.003 -19"><span class='ocrx_word' id='word_1_101' title='bbox 173 1885 322 1956; x_wconf 85' lang='lat' dir='ltr'><strong>stema,</strong></span> <span class='ocrx_word' id='word_1_102' title='bbox 343 1877 463 1954; x_wconf 88' lang='lat' dir='ltr'><strong>donec</strong></span> <span class='ocrx_word' id='word_1_103' title='bbox 487 1897 553 1960; x_wconf 90' lang='lat' dir='ltr'><strong>per</strong></span> <span class='ocrx_word' id='word_1_104' title='bbox 573 1877 786 1962; x_wconf 83' lang='lat' dir='ltr'><strong>guttulas</strong></span> <span class='ocrx_word' id='word_1_105' title='bbox 775 1898 817 1943; x_wconf 88' lang='grc' dir='ltr'><strong>ιιι</strong></span> <span class='ocrx_word' id='word_1_106' title='bbox 846 1876 1077 1960; x_wconf 75' lang='lat' dir='ltr'><strong>sanguinem</strong></span> <span class='ocrx_word' id='word_1_107' title='bbox 1098 1896 1221 1942; x_wconf 84' lang='lat' dir='ltr'><strong>venae</strong></span> 
     </span>
    </p>
   </div>
   <div class='ocr_carea' id='block_1_8' title="bbox 72 1979 1216 2067">
    <p class='ocr_par' dir='ltr' id='par_1_8' title="bbox 72 1979 1216 2067">
     <span class='ocr_line' id='line_1_17' title="bbox 72 1979 1216 2067; baseline 0.004 -25"><span class='ocrx_word' id='word_1_108' title='bbox 72 1989 75 1993; x_wconf 83' lang='grc'><strong>“</strong></span> <span class='ocrx_word' id='word_1_109' title='bbox 174 1982 362 2066; x_wconf 81' lang='lat' dir='ltr'><strong>juguleris</strong></span> <span class='ocrx_word' id='word_1_110' title='bbox 395 1987 433 2045; x_wconf 88' lang='lat' dir='ltr'><strong>st</strong></span> <span class='ocrx_word' id='word_1_111' title='bbox 464 1981 685 2058; x_wconf 75' lang='lat' dir='ltr'><strong>suboleviae</strong></span> <span class='ocrx_word' id='word_1_112' title='bbox 713 1979 864 2046; x_wconf 74' lang='lat' dir='ltr'><strong>sinistri</strong></span> <span class='ocrx_word' id='word_1_113' title='bbox 887 1981 1022 2045; x_wconf 88' lang='lat' dir='ltr'><strong>lateris</strong></span> <span class='ocrx_word' id='word_1_114' title='bbox 1047 1985 1097 2064; x_wconf 82' lang='lat'><strong>(5.</strong></span> <span class='ocrx_word' id='word_1_115' title='bbox 1122 1981 1216 2067; x_wconf 84' lang='grc'><strong><em>167.)</em></strong></span> 
     </span>
    </p>
   </div>
   <div class='ocr_carea' id='block_1_9' title="bbox 169 2063 1305 2918">
    <p class='ocr_par' dir='ltr' id='par_1_9' title="bbox 174 2063 1217 2167">
     <span class='ocr_line' id='line_1_18' title="bbox 174 2063 1217 2167; baseline 0 -19"><span class='ocrx_word' id='word_1_116' title='bbox 174 2084 406 2150; x_wconf 84' lang='lat' dir='ltr'><strong>infunditur.</strong></span> <span class='ocrx_word' id='word_1_117' title='bbox 440 2085 681 2166; x_wconf 81' lang='lat' dir='ltr'><strong>Concurrunt</strong></span> <span class='ocrx_word' id='word_1_118' title='bbox 699 2105 790 2149; x_wconf 89' lang='lat' dir='ltr'><strong>vero</strong></span> <span class='ocrx_word' id='word_1_119' title='bbox 812 2083 939 2167; x_wconf 89' lang='lat' dir='ltr'><strong>plures</strong></span> <span class='ocrx_word' id='word_1_120' title='bbox 961 2063 1070 2148; x_wconf 85' lang='lat' dir='ltr'><strong>adid</strong></span> <span class='ocrx_word' id='word_1_121' title='bbox 1092 2085 1217 2162; x_wconf 86' lang='lat' dir='ltr'><strong>vires,</strong></span> 
     </span>
    </p>

    <p class='ocr_par' dir='ltr' id='par_1_10' title="bbox 169 2179 1305 2894">
     <span class='ocr_line' id='line_1_19' title="bbox 172 2179 1305 2310; baseline 0.007 -61"><span class='ocrx_word' id='word_1_122' title='bbox 172 2192 218 2249; x_wconf 91' lang='lat' dir='ltr'><strong>ut</strong></span> <span class='ocrx_word' id='word_1_123' title='bbox 237 2185 370 2270; x_wconf 84' lang='lat' dir='ltr'><strong>chylus</strong></span> <span class='ocrx_word' id='word_1_124' title='bbox 391 2186 582 2277; x_wconf 81' lang='lat' dir='ltr'><strong>ceterique</strong></span> <span class='ocrx_word' id='word_1_125' title='bbox 604 2187 783 2252; x_wconf 86' lang='lat' dir='ltr'><strong>humores</strong></span> <span class='ocrx_word' id='word_1_126' title='bbox 805 2186 853 2252; x_wconf 84' lang='lat' dir='ltr'><strong>ed</strong></span> <span class='ocrx_word' id='word_1_127' title='bbox 881 2187 1137 2310; x_wconf 58' lang='lat' dir='ltr'><strong>universam</strong></span> <span class='ocrx_word' id='word_1_128' title='bbox 1126 2211 1214 2256; x_wconf 84' lang='lat' dir='ltr'><strong>ean·</strong></span> <span class='ocrx_word' id='word_1_129' title='bbox 1271 2179 1274 2184; x_wconf 43' lang='lat'>¹</span> <span class='ocrx_word' id='word_1_130' title='bbox 1301 2225 1305 2232; x_wconf 93' lang='lat'><strong>·</strong></span> 
     </span>
     <span class='ocr_line' id='line_1_20' title="bbox 172 2289 1216 2402; baseline 0.009 -49"><span class='ocrx_word' id='word_1_131' title='bbox 172 2291 303 2374; x_wconf 86' lang='lat' dir='ltr'><strong>guinis</strong></span> <span class='ocrx_word' id='word_1_132' title='bbox 328 2312 493 2357; x_wconf 84' lang='lat' dir='ltr'><strong>massam</strong></span> <span class='ocrx_word' id='word_1_133' title='bbox 520 2289 832 2376; x_wconf 74' lang='lat' dir='ltr'><strong>promoveantur.</strong></span> <span class='ocrx_word' id='word_1_134' title='bbox 865 2295 1058 2360; x_wconf 83' lang='lat' dir='ltr'><strong>Attractio</strong></span> <span class='ocrx_word' id='word_1_135' title='bbox 1078 2317 1216 2402; x_wconf 82' lang='lat' dir='ltr'><strong>nempe</strong></span> 
     </span>
     <span class='ocr_line' id='line_1_21' title="bbox 169 2388 1216 2484; baseline 0.009 -28"><span class='ocrx_word' id='word_1_136' title='bbox 169 2395 353 2512; x_wconf 81' lang='lat' dir='ltr'><strong>pbysica‚</strong></span> <span class='ocrx_word' id='word_1_137' title='bbox 377 2413 472 2478; x_wconf 84' lang='lat' dir='ltr'><strong>quae</strong></span> <span class='ocrx_word' id='word_1_138' title='bbox 496 2388 720 2460; x_wconf 83' lang='lat' dir='ltr'><strong>tubulorum</strong></span> <span class='ocrx_word' id='word_1_139' title='bbox 740 2396 987 2479; x_wconf 82' lang='lat' dir='ltr'><strong>capillarium</strong></span> <span class='ocrx_word' id='word_1_140' title='bbox 1011 2404 1078 2462; x_wconf 88' lang='lat' dir='ltr'><strong>aut</strong></span> <span class='ocrx_word' id='word_1_141' title='bbox 1100 2393 1216 2484; x_wconf 83' lang='lat' dir='ltr'><strong>sp&#39;ou·</strong></span> 
     </span>
     <span class='ocr_line' id='line_1_22' title="bbox 169 2497 1213 2584; baseline 0.009 -26"><span class='ocrx_word' id='word_1_142' title='bbox 169 2497 257 2584; x_wconf 78' lang='lat' dir='ltr'><strong>gine</strong></span> <span class='ocrx_word' id='word_1_143' title='bbox 277 2499 448 2564; x_wconf 88' lang='lat' dir='ltr'><strong>marinae</strong></span> <span class='ocrx_word' id='word_1_144' title='bbox 471 2497 583 2562; x_wconf 77' lang='lat' dir='ltr'><strong>medo</strong></span> <span class='ocrx_word' id='word_1_145' title='bbox 606 2497 711 2582; x_wconf 82' lang='lat' dir='ltr'><strong>agit,</strong></span> <span class='ocrx_word' id='word_1_146' title='bbox 731 2499 795 2564; x_wconf 87' lang='lat' dir='ltr'><strong>hic</strong></span> <span class='ocrx_word' id='word_1_147' title='bbox 824 2503 927 2566; x_wconf 81' lang='lat' dir='ltr'><strong>certo</strong></span> <span class='ocrx_word' id='word_1_148' title='bbox 955 2499 1130 2579; x_wconf 89' lang='lat' dir='ltr'><strong>obtinet,</strong></span> <span class='ocrx_word' id='word_1_149' title='bbox 1160 2504 1213 2568; x_wconf 87' lang='lat' dir='ltr'><strong>ei·</strong></span> 
     </span>
     <span class='ocr_line' id='line_1_23' title="bbox 172 2579 1226 2688; baseline 0.012 -26"><span class='ocrx_word' id='word_1_150' title='bbox 172 2601 328 2684; x_wconf 83' lang='lat' dir='ltr'><strong>quidem</strong></span> <span class='ocrx_word' id='word_1_151' title='bbox 358 2623 450 2678; x_wconf 85' lang='lat' dir='ltr'><strong>vasa</strong></span> <span class='ocrx_word' id='word_1_152' title='bbox 480 2603 762 2688; x_wconf 86' lang='lat' dir='ltr'><strong>lymphatica&#39;</strong></span> <span class='ocrx_word' id='word_1_153' title='bbox 751 2625 793 2669; x_wconf 82' lang='lat' dir='ltr'><strong>sn</strong></span> <span class='ocrx_word' id='word_1_154' title='bbox 817 2579 1088 2682; x_wconf 85' lang='lat' dir='ltr'><strong>cadaveribus,</strong></span> <span class='ocrx_word' id='word_1_155' title='bbox 1108 2628 1212 2674; x_wconf 89' lang='lat' dir='ltr'><strong>reso·</strong></span> <span class='ocrx_word' id='word_1_156' title='bbox 1225 2655 1226 2658; x_wconf 19' lang='grc' dir='ltr'><strong>κ</strong></span> 
     </span>
     <span class='ocr_line' id='line_1_24' title="bbox 172 2695 1213 2800; baseline 0.012 -34"><span class='ocrx_word' id='word_1_157' title='bbox 172 2695 318 2767; x_wconf 84' lang='lat' dir='ltr'><strong>lutioni</strong></span> <span class='ocrx_word' id='word_1_158' title='bbox 354 2705 432 2788; x_wconf 87' lang='lat' dir='ltr'><strong>jam</strong></span> <span class='ocrx_word' id='word_1_159' title='bbox 473 2697 658 2800; x_wconf 63' lang='lat' dir='ltr'><strong>proximis</strong></span> <span class='ocrx_word' id='word_1_160' title='bbox 683 2745 694 2781; x_wconf 91' lang='lat'>‚</span> <span class='ocrx_word' id='word_1_161' title='bbox 724 2707 924 2790; x_wconf 79' lang='lat' dir='ltr'><strong>contiguos</strong></span> <span class='ocrx_word' id='word_1_162' title='bbox 961 2709 1141 2778; x_wconf 87' lang='lat' dir='ltr'><strong>humores</strong></span> <span class='ocrx_word' id='word_1_163' title='bbox 1174 2719 1213 2778; x_wconf 88' lang='lat' dir='ltr'><strong>et</strong></span> 
     </span>
     <span class='ocr_line' id='line_1_25' title="bbox 171 2793 1297 2918; baseline 0.008 -46"><span class='ocrx_word' id='word_1_164' title='bbox 171 2811 278 2872; x_wconf 71' lang='lat' dir='ltr'><strong>adres</strong></span> <span class='ocrx_word' id='word_1_165' title='bbox 313 2811 484 2918; x_wconf 78' lang='lat' dir='ltr'><strong>evolutos</strong></span> <span class='ocrx_word' id='word_1_166' title='bbox 513 2793 664 2884; x_wconf 86' lang='lat' dir='ltr'><strong>sorbere</strong></span> <span class='ocrx_word' id='word_1_167' title='bbox 701 2817 876 2894; x_wconf 80' lang='lat' dir='ltr'><strong>pergant.</strong></span> <span class='ocrx_word' id='word_1_168' title='bbox 907 2811 1090 2876; x_wconf 88' lang='lat' dir='ltr'><strong>Valvulae</strong></span> <span class='ocrx_word' id='word_1_169' title='bbox 1122 2815 1210 2882; x_wconf 91' lang='lat' dir='ltr'><strong>dein</strong></span> <span class='ocrx_word' id='word_1_170' title='bbox 1296 2863 1297 2866; x_wconf 63' lang='lat'>,</span> 
     </span>
    </p>
   </div>
   <div class='ocr_carea' id='block_1_10' title="bbox 17 2912 1211 2996">
    <p class='ocr_par' dir='ltr' id='par_1_11' title="bbox 17 2912 1211 2996">
     <span class='ocr_line' id='line_1_26' title="bbox 17 2912 1211 2996; baseline 0.004 -20"><span class='ocrx_word' id='word_1_171' title='bbox 17 2975 18 2986; x_wconf 66' lang='grc'>,</span> <span class='ocrx_word' id='word_1_172' title='bbox 91 2940 98 2948; x_wconf 80' lang='lat'>·</span> <span class='ocrx_word' id='word_1_173' title='bbox 169 2931 302 2976; x_wconf 89' lang='lat' dir='ltr'><strong>eorum</strong></span> <span class='ocrx_word' id='word_1_174' title='bbox 308 2932 524 2996; x_wconf 88' lang='lat' dir='ltr'><strong>vasorum,</strong></span> <span class='ocrx_word' id='word_1_175' title='bbox 557 2912 824 2996; x_wconf 84' lang='lat' dir='ltr'><strong>retrogradum</strong></span> <span class='ocrx_word' id='word_1_176' title='bbox 854 2914 1029 2978; x_wconf 86' lang='lat' dir='ltr'><strong>humoris</strong></span> <span class='ocrx_word' id='word_1_177' title='bbox 1061 2924 1211 2988; x_wconf 89' lang='lat' dir='ltr'><strong>motum</strong></span> 
     </span>
    </p>
   </div>
   <div class='ocr_carea' id='block_1_11' title="bbox 168 3011 1211 3103">
    <p class='ocr_par' dir='ltr' id='par_1_12' title="bbox 168 3011 1211 3103">
     <span class='ocr_line' id='line_1_27' title="bbox 168 3011 1211 3103; baseline 0.009 -27"><span class='ocrx_word' id='word_1_178' title='bbox 168 3013 384 3100; x_wconf 88' lang='lat' dir='ltr'><strong>plurimum</strong></span> <span class='ocrx_word' id='word_1_179' title='bbox 414 3014 689 3096; x_wconf 86' lang='lat' dir='ltr'><strong>impedientes,</strong></span> <span class='ocrx_word' id='word_1_180' title='bbox 720 3016 904 3102; x_wconf 86' lang='lat' dir='ltr'><strong>lymphae</strong></span> <span class='ocrx_word' id='word_1_181' title='bbox 936 3019 1059 3084; x_wconf 89' lang='lat' dir='ltr'><strong>motui</strong></span> <span class='ocrx_word' id='word_1_182' title='bbox 1082 3011 1211 3103; x_wconf 86' lang='lat' dir='ltr'><strong>opitu·</strong></span> 
     </span>
    </p>
   </div>
   <div class='ocr_carea' id='block_1_12' title="bbox 168 3106 1327 3204">
    <p class='ocr_par' dir='ltr' id='par_1_13' title="bbox 168 3106 1327 3204">
     <span class='ocr_line' id='line_1_28' title="bbox 168 3106 1327 3204; baseline 0.009 -21"><span class='ocrx_word' id='word_1_183' title='bbox 168 3119 313 3184; x_wconf 79' lang='lat' dir='ltr'><strong>lentur.</strong></span> <span class='ocrx_word' id='word_1_184' title='bbox 352 3119 418 3181; x_wconf 88' lang='lat' dir='ltr'><strong>His</strong></span> <span class='ocrx_word' id='word_1_185' title='bbox 448 3117 596 3183; x_wconf 72' lang='lat' dir='ltr'><strong>accedit</strong></span> <span class='ocrx_word' id='word_1_186' title='bbox 633 3117 909 3186; x_wconf 83' lang='lat' dir='ltr'><strong>intestinorum</strong></span> <span class='ocrx_word' id='word_1_187' title='bbox 946 3121 1210 3204; x_wconf 82' lang='lat' dir='ltr'><strong>peristatticus</strong></span> <span class='ocrx_word' id='word_1_188' title='bbox 1324 3106 1327 3110; x_wconf 30' lang='lat'>⁵</span> 
     </span>
    </p>
   </div>
   <div class='ocr_carea' id='block_1_13' title="bbox 164 3209 1208 3307">
    <p class='ocr_par' dir='ltr' id='par_1_14' title="bbox 164 3209 1208 3307">
     <span class='ocr_line' id='line_1_29' title="bbox 164 3209 1208 3307; baseline 0.008 -21"><span class='ocrx_word' id='word_1_189' title='bbox 164 3209 313 3294; x_wconf 83' lang='lat' dir='ltr'><strong>motos,</strong></span> <span class='ocrx_word' id='word_1_190' title='bbox 337 3235 409 3305; x_wconf 87' lang='lat' dir='ltr'><strong>quo</strong></span> <span class='ocrx_word' id='word_1_191' title='bbox 431 3222 538 3307; x_wconf 86' lang='lat' dir='ltr'><strong>chyli</strong></span> <span class='ocrx_word' id='word_1_192' title='bbox 560 3221 761 3306; x_wconf 79' lang='lat' dir='ltr'><strong>absorptio</strong></span> <span class='ocrx_word' id='word_1_193' title='bbox 786 3227 823 3286; x_wconf 89' lang='lat' dir='ltr'><strong>et</strong></span> <span class='ocrx_word' id='word_1_194' title='bbox 849 3239 917 3304; x_wconf 84' lang='lat' dir='ltr'><strong>per</strong></span> <span class='ocrx_word' id='word_1_195' title='bbox 940 3223 1096 3292; x_wconf 88' lang='lat' dir='ltr'><strong>ductum</strong></span> <span class='ocrx_word' id='word_1_196' title='bbox 1118 3228 1208 3294; x_wconf 85' lang='lat' dir='ltr'><strong>tho·</strong></span> 
     </span>
    </p>
   </div>
   <div class='ocr_carea' id='block_1_14' title="bbox 35 3313 1423 4234">
    <p class='ocr_par' dir='ltr' id='par_1_15' title="bbox 65 3313 1423 3734">
     <span class='ocr_line' id='line_1_30' title="bbox 65 3313 1358 3416; baseline 0.012 -29"><span class='ocrx_word' id='word_1_197' title='bbox 65 3373 67 3377; x_wconf 26' lang='lat'><strong>.</strong></span> <span class='ocrx_word' id='word_1_198' title='bbox 111 3313 113 3322; x_wconf 76' lang='grc'><strong>’</strong></span> <span class='ocrx_word' id='word_1_199' title='bbox 166 3323 338 3392; x_wconf 87' lang='lat' dir='ltr'><strong>racicum</strong></span> <span class='ocrx_word' id='word_1_200' title='bbox 359 3325 555 3408; x_wconf 86' lang='lat' dir='ltr'><strong>promotio</strong></span> <span class='ocrx_word' id='word_1_201' title='bbox 579 3325 786 3406; x_wconf 59' lang='lat' dir='ltr'><strong>adiuvatur</strong></span> <span class='ocrx_word' id='word_1_202' title='bbox 805 3327 851 3409; x_wconf 82' lang='lat'><strong>(5</strong></span> <span class='ocrx_word' id='word_1_203' title='bbox 863 3327 994 3416; x_wconf 56' lang='lat'><strong>⁸305).</strong></span> <span class='ocrx_word' id='word_1_204' title='bbox 1016 3337 1072 3394; x_wconf 89' lang='lat' dir='ltr'><strong>et</strong></span> <span class='ocrx_word' id='word_1_205' title='bbox 1078 3331 1209 3402; x_wconf 82' lang='lat' dir='ltr'><strong>ierunt</strong></span> <span class='ocrx_word' id='word_1_206' title='bbox 1352 3402 1358 3416; x_wconf 79' lang='grc'>,</span> 
     </span>
     <span class='ocr_line' id='line_1_31' title="bbox 163 3427 1393 3520; baseline 0.013 -30"><span class='ocrx_word' id='word_1_207' title='bbox 163 3427 272 3508; x_wconf 83' lang='lat' dir='ltr'><strong>ipsae</strong></span> <span class='ocrx_word' id='word_1_208' title='bbox 286 3427 452 3489; x_wconf 85' lang='lat' dir='ltr'><strong>arteriae</strong></span> <span class='ocrx_word' id='word_1_209' title='bbox 471 3428 668 3510; x_wconf 82' lang='lat' dir='ltr'><strong>pulsantes</strong></span> <span class='ocrx_word' id='word_1_210' title='bbox 689 3449 774 3496; x_wconf 86' lang='lat' dir='ltr'><strong>cum</strong></span> <span class='ocrx_word' id='word_1_211' title='bbox 794 3430 1102 3520; x_wconf 77' lang='lat' dir='ltr'><strong>diaphragmatis</strong></span> <span class='ocrx_word' id='word_1_212' title='bbox 1124 3456 1213 3504; x_wconf 87' lang='lat' dir='ltr'><strong>mo-</strong></span> <span class='ocrx_word' id='word_1_213' title='bbox 1285 3484 1288 3490; x_wconf 89' lang='lat'>-</span> <span class='ocrx_word' id='word_1_214' title='bbox 1392 3437 1393 3444; x_wconf 58' lang='lat'><em>&#39;</em></span> 
     </span>
     <span class='ocr_line' id='line_1_32' title="bbox 143 3529 1206 3620; baseline 0.014 -28"><span class='ocrx_word' id='word_1_215' title='bbox 143 3533 208 3598; x_wconf 70' lang='lat' dir='ltr'><strong>,tu</strong></span> <span class='ocrx_word' id='word_1_216' title='bbox 229 3548 340 3592; x_wconf 85' lang='lat' dir='ltr'><strong>suem</strong></span> <span class='ocrx_word' id='word_1_217' title='bbox 364 3529 515 3592; x_wconf 87' lang='lat' dir='ltr'><strong>etiam</strong></span> <span class='ocrx_word' id='word_1_218' title='bbox 505 3551 548 3594; x_wconf 90' lang='grc' dir='ltr'><strong>ιιι</strong></span> <span class='ocrx_word' id='word_1_219' title='bbox 567 3533 639 3596; x_wconf 89' lang='lat' dir='ltr'><strong>hoc</strong></span> <span class='ocrx_word' id='word_1_220' title='bbox 669 3553 825 3598; x_wconf 88' lang='lat' dir='ltr'><strong>munere</strong></span> <span class='ocrx_word' id='word_1_221' title='bbox 843 3542 1010 3620; x_wconf 79' lang='lat' dir='ltr'><strong>partem.</strong></span> <span class='ocrx_word' id='word_1_222' title='bbox 1043 3542 1206 3607; x_wconf 80' lang='lat' dir='ltr'><strong>Maximi</strong></span> 
     </span>
     <span class='ocr_line' id='line_1_33' title="bbox 112 3627 1423 3734; baseline 0.016 -40"><span class='ocrx_word' id='word_1_223' title='bbox 112 3637 116 3648; x_wconf 60' lang='lat'><em>¹</em></span> <span class='ocrx_word' id='word_1_224' title='bbox 166 3627 330 3718; x_wconf 84' lang='lat' dir='ltr'><strong>denique</strong></span> <span class='ocrx_word' id='word_1_225' title='bbox 356 3635 561 3698; x_wconf 87' lang='lat' dir='ltr'><strong>momenti</strong></span> <span class='ocrx_word' id='word_1_226' title='bbox 566 3635 699 3700; x_wconf 87' lang='lat' dir='ltr'><strong>vitalis</strong></span> <span class='ocrx_word' id='word_1_227' title='bbox 720 3643 776 3701; x_wconf 90' lang='lat' dir='ltr'><strong>est</strong></span> <span class='ocrx_word' id='word_1_228' title='bbox 796 3642 1014 3724; x_wconf 74' lang='lat' dir='ltr'><strong>systematis</strong></span> <span class='ocrx_word' id='word_1_229' title='bbox 1027 3643 1207 3729; x_wconf 84' lang='lat' dir='ltr'><strong>lympha</strong></span> <span class='ocrx_word' id='word_1_230' title='bbox 1282 3697 1287 3734; x_wconf 67' lang='lat'><strong>¹.</strong></span> <span class='ocrx_word' id='word_1_231' title='bbox 1359 3669 1362 3676; x_wconf 84' lang='lat'><em>·</em></span> <span class='ocrx_word' id='word_1_232' title='bbox 1415 3713 1423 3724; x_wconf 79' lang='grc'><strong>,,</strong></span> 
     </span>
    </p>

    <p class='ocr_par' dir='ltr' id='par_1_16' title="bbox 36 3729 1394 4024">
     <span class='ocr_line' id='line_1_34' title="bbox 162 3729 1394 3828; baseline 0.012 -26"><span class='ocrx_word' id='word_1_233' title='bbox 162 3737 233 3802; x_wconf 88' lang='lat' dir='ltr'><strong>tici</strong></span> <span class='ocrx_word' id='word_1_234' title='bbox 254 3739 536 3802; x_wconf 86' lang='lat' dir='ltr'><strong>contractilitas</strong></span> <span class='ocrx_word' id='word_1_235' title='bbox 558 3729 605 3818; x_wconf 83' lang='lat'><strong>(5</strong></span> <span class='ocrx_word' id='word_1_236' title='bbox 607 3786 616 3806; x_wconf 93' lang='lat'><strong>.</strong></span> <span class='ocrx_word' id='word_1_237' title='bbox 588 3744 714 3820; x_wconf 77' lang='lat'><strong>5170.</strong></span> <span class='ocrx_word' id='word_1_238' title='bbox 729 3743 773 3824; x_wconf 70' lang='lat'><strong>5,</strong></span> <span class='ocrx_word' id='word_1_239' title='bbox 794 3761 869 3827; x_wconf 78' lang='lat' dir='ltr'><strong>qua</strong></span> <span class='ocrx_word' id='word_1_240' title='bbox 896 3744 1081 3828; x_wconf 69' lang='lat' dir='ltr'><strong>lympha.</strong></span> <span class='ocrx_word' id='word_1_241' title='bbox 1099 3755 1143 3813; x_wconf 89' lang='lat' dir='ltr'><strong>ut</strong></span> <span class='ocrx_word' id='word_1_242' title='bbox 1162 3752 1204 3816; x_wconf 91' lang='lat' dir='ltr'><strong>in</strong></span> <span class='ocrx_word' id='word_1_243' title='bbox 1297 3791 1309 3802; x_wconf 80' lang='lat'><em>-</em></span> <span class='ocrx_word' id='word_1_244' title='bbox 1391 3819 1394 3828; x_wconf 68' lang='grc'>,</span> 
     </span>
     <span class='ocr_line' id='line_1_35' title="bbox 36 3839 1206 3927; baseline 0.011 -25"><span class='ocrx_word' id='word_1_245' title='bbox 36 3865 52 3926; x_wconf 31' lang='grc'><strong><em>7</em></strong></span> <span class='ocrx_word' id='word_1_246' title='bbox 89 3858 134 3922; x_wconf 75' lang='lat'><strong>.&#39;</strong></span> <span class='ocrx_word' id='word_1_247' title='bbox 161 3839 284 3904; x_wconf 87' lang='lat' dir='ltr'><strong>modo·</strong></span> <span class='ocrx_word' id='word_1_248' title='bbox 305 3840 441 3926; x_wconf 78' lang='lat' dir='ltr'><strong>occisis</strong></span> <span class='ocrx_word' id='word_1_249' title='bbox 468 3841 703 3906; x_wconf 85' lang='lat' dir='ltr'><strong>animalibus</strong></span> <span class='ocrx_word' id='word_1_250' title='bbox 734 3843 865 3908; x_wconf 74' lang='lat' dir='ltr'><strong>videre</strong></span> <span class='ocrx_word' id='word_1_251' title='bbox 899 3852 977 3927; x_wconf 87' lang='lat' dir='ltr'><strong>est,</strong></span> <span class='ocrx_word' id='word_1_252' title='bbox 1003 3848 1097 3912; x_wconf 88' lang='lat' dir='ltr'><strong>satis</strong></span> <span class='ocrx_word' id='word_1_253' title='bbox 1117 3850 1206 3914; x_wconf 76' lang='lat' dir='ltr'><strong>tito</strong></span> 
     </span>
     <span class='ocr_line' id='line_1_36' title="bbox 128 3933 1248 4024; baseline 0.004 -21"><span class='ocrx_word' id='word_1_254' title='bbox 128 3991 131 4010; x_wconf 78' lang='lat'><strong>.</strong></span> <span class='ocrx_word' id='word_1_255' title='bbox 160 3943 423 4024; x_wconf 76' lang='lat' dir='ltr'><strong>promovetur.</strong></span> <span class='ocrx_word' id='word_1_256' title='bbox 446 3941 694 4008; x_wconf 77' lang='lat' dir='ltr'><strong>irritamenta</strong></span> <span class='ocrx_word' id='word_1_257' title='bbox 714 3943 843 4011; x_wconf 83' lang='lat' dir='ltr'><strong>autem</strong></span> <span class='ocrx_word' id='word_1_258' title='bbox 863 3933 1086 4024; x_wconf 54' lang='lat' dir='ltr'><strong>ac&#39;riorafli&#39;t</strong></span> <span class='ocrx_word' id='word_1_259' title='bbox 1103 3949 1204 4014; x_wconf 72' lang='lat' dir='ltr'><strong>Hm.</strong></span> <span class='ocrx_word' id='word_1_260' title='bbox 1245 3987 1248 3999; x_wconf 81' lang='lat'><em>·</em></span> 
     </span>
    </p>

    <p class='ocr_par' dir='ltr' id='par_1_17' title="bbox 35 4031 1225 4234">
     <span class='ocr_line' id='line_1_37' title="bbox 38 4031 1201 4139; baseline 0.005 -32"><span class='ocrx_word' id='word_1_261' title='bbox 38 4031 50 4064; x_wconf 67' lang='lat'><strong>³</strong></span> <span class='ocrx_word' id='word_1_262' title='bbox 162 4059 279 4116; x_wconf 73' lang='lat' dir='ltr'><strong>nunus</strong></span> <span class='ocrx_word' id='word_1_263' title='bbox 305 4053 482 4139; x_wconf 63' lang='lat' dir='ltr'><strong>aripertus</strong></span> <span class='ocrx_word' id='word_1_264' title='bbox 506 4037 823 4125; x_wconf 82' lang='lat' dir='ltr'><strong>eet,manifestas</strong></span> <span class='ocrx_word' id='word_1_265' title='bbox 843 4056 993 4132; x_wconf 87' lang='lat' dir='ltr'><strong>ponunt</strong></span> <span class='ocrx_word' id='word_1_266' title='bbox 1009 4052 1051 4118; x_wconf 90' lang='lat' dir='ltr'><strong>in</strong></span> <span class='ocrx_word' id='word_1_267' title='bbox 1072 4052 1201 4116; x_wconf 60' lang='lat' dir='ltr'><strong>iis-vae</strong></span> 
     </span>
     <span class='ocr_line' id='line_1_38' title="bbox 35 4136 1225 4234; baseline 0.011 -25"><span class='ocrx_word' id='word_1_268' title='bbox 35 4155 38 4167; x_wconf 92' lang='lat'>&#39;</span> <span class='ocrx_word' id='word_1_269' title='bbox 160 4136 535 4226; x_wconf 40' lang='lat' dir='ltr'><strong>eis‘contrectione&#39;s,</strong></span> <span class='ocrx_word' id='word_1_270' title='bbox 556 4159 598 4214; x_wconf 92' lang='lat' dir='ltr'><strong>ut</strong></span> <span class='ocrx_word' id='word_1_271' title='bbox 619 4141 717 4216; x_wconf 87' lang='lat' dir='ltr'><strong>adeo</strong></span> <span class='ocrx_word' id='word_1_272' title='bbox 736 4155 954 4220; x_wconf 85' lang='lat' dir='ltr'><strong>verosimile</strong></span> <span class='ocrx_word' id='word_1_273' title='bbox 984 4155 1101 4222; x_wconf 85' lang='lat' dir='ltr'><strong>etiam</strong></span> <span class='ocrx_word' id='word_1_274' title='bbox 1125 4157 1225 4234; x_wconf 65' lang='lat' dir='ltr'><strong>sit„</strong></span> 
     </span>
    </p>
   </div>
   <div class='ocr_carea' id='block_1_15' title="bbox 157 4239 1226 4358">
    <p class='ocr_par' dir='ltr' id='par_1_18' title="bbox 157 4239 1226 4358">
     <span class='ocr_line' id='line_1_39' title="bbox 157 4239 1226 4358; baseline 0.016 -38"><span class='ocrx_word' id='word_1_275' title='bbox 157 4245 303 4323; x_wconf 81' lang='lat' dir='ltr'><strong>ostiola</strong></span> <span class='ocrx_word' id='word_1_276' title='bbox 330 4239 511 4322; x_wconf 79' lang='lat' dir='ltr'><strong>vasorum</strong></span> <span class='ocrx_word' id='word_1_277' title='bbox 540 4253 751 4340; x_wconf 78' lang='lat' dir='ltr'><strong>laeteoruns</strong></span> <span class='ocrx_word' id='word_1_278' title='bbox 783 4279 805 4326; x_wconf 85' lang='lat' dir='ltr'><strong>a</strong></span> <span class='ocrx_word' id='word_1_279' title='bbox 834 4257 1004 4330; x_wconf 83' lang='lat' dir='ltr'><strong>stimulis</strong></span> <span class='ocrx_word' id='word_1_280' title='bbox 1039 4259 1226 4358; x_wconf 57' lang='lat' dir='ltr'><strong>acrioris,</strong></span> 
     </span>
    </p>
   </div>
   <div class='ocr_carea' id='block_1_16' title="bbox 0 0 1466 4996">
    <p class='ocr_par' dir='ltr' id='par_1_19' title="bbox 0 0 1466 4996">
     <span class='ocr_line' id='line_1_40' title="bbox 0 0 1466 4996; baseline 0 5"><span class='ocrx_word' id='word_1_281' title='bbox 0 0 1466 4996; x_wconf 95' lang='lat' dir='ltr'><strong> </strong></span> 
     </span>
    </p>
   </div>
  </div>
 </body>
</html>
