2956 4996
263 339 371 427 src'r.
382 357 411 424 1.
421 358 481 424 Dt
502 369 678 422 orestus
703 346 846 457 iesum
867 369 1123 463 nuceurrpus.
1164 381 1230 449 21³

261 503 455 569 Maximae
476 499 609 564 autem
630 500 835 586 dignitatis
856 502 896 568 in
916 506 1134 584 musculoso
1152 508 1225 576 hoe

163 613 370 693 apparatu
396 609 522 688 ipsum
555 610 612 670 est
635 604 1009 690 diaphragma,
1039 611 1136 698 quod
1165 632 1225 678 ca.

174 729 270 776 vum
317 706 485 791 pectoris
519 727 541 768 a
571 705 742 792 subjecto
787 707 955 792 seiungit
994 710 1224 792 abdomine,

152 815 485 897 'pulmonumque
513 806 688 874 officium
715 812 920 894 praecipue
949 812 1125 898 adjuvat·
1158 817 1225 882 Est

174 917 217 980 id
239 923 389 999 septum
419 921 704 989 transversum,
727 913 841 978 fibris
867 914 1013 982 carneis
1037 923 1075 980 et
1096 918 1229 984 tendis

132 1057 135 1064 ι
175 1021 260 1086 neis
296 1017 531 1096 conflatum,
561 1037 730 1082 convexa
760 1016 886 1093 fecie,
916 1035 996 1102 que
1022 1017 1225 1107 thoracem

175 1124 370 1208 respicit,
393 1123 545 1188 eoloco
582 1125 766 1206 excepto,
793 1121 861 1185 ubi
889 1121 1150 1206 pericardium
1181 1126 1220 1190 ei

175 1229 383 1302 adhaeret,
406 1225 542 1310 pieura
570 1225 777 1308 vestitum,
804 1224 904 1289 facie
932 1245 1121 1306 concava,
1152 1231 1228 1314 ab<

175 1329 316 1392 domcn
348 1331 567 1411 spectante,
587 1326 813 1410 peritonaeo
844 1325 1008 1393 munita.
1043 1327 1133 1406 Pars
1154 1347 1224 1394 eu·

174 1431 297 1495 terior
307 1475 318 1509 ,
341 1449 437 1514 quae
456 1426 585 1494 'sterno
603 1425 804 1502 adhaeret,
818 1429 998 1496 altiorem
1015 1431 1137 1497 hebet
1157 1417 1224 1514 po·

175 1533 295 1600 situm
319 1551 434 1617 quam
447 1531 635 1604 ¹laterales
654 1537 691 1594 et
711 1532 945 1614 posteriores
965 1542 1118 1619 portast
1140 1555 1223 1600 ma-

81 1633 83 1636 ’
174 1637 280 1704 xime
302 1643 431 1700 autem
458 1636 499 1699 in
520 1643 651 1720 pectus
671 1636 868 1718 prominet
890 1616 1067 1704 ceritrum
1094 1638 1224 1705 teudi·
1272 1633 1276 1654 ¹

174 1747 315 1817 neum,
338 1741 438 1825 quod
468 1759 588 1824 usque
613 1743 793 1823 quartam
822 1741 902 1804 fere
926 1741 1125 1808 adscendit
1159 1761 1222 1808 co·

173 1851 300 1918 stam,
322 1844 472 1927 ipsique
492 1839 598 1906 cordi
622 1841 840 1926 subjicitur.
878 1843 1005 1908 Altius
1031 1828 1152 1906 etiam
1177 1840 1220 1906 in

174 1945 345 2012 thoracis
370 1963 506 2008 cavum
540 1942 675 2008 dextro
698 1944 871 2030 adsurgit
898 1933 1040 2020 latere,
1059 1955 1126 2030 pe'r
1149 1942 1219 2008 he·-

173 2053 279 2138 patis
302 2051 446 2138 molem
468 2047 718 2134 propulsum,
738 2047 830 2116 dum
856 2069 879 2114 a
900 2047 1069 2116 sinistris
1092 2045 1220 2116 cordis
1319 2083 1326 2102 ι

175 2175 358 2224 mucrone
380 2145 614 2236 deprimitur
633 2149 687 2238 f).

259 2321 492 2382 Centrum
523 2314 828 2380 tendineum
849 2313 960 2382 fibris
987 2319 1139 2378 constet
1163 2309 1221 2376 al·

171 2421 258 2498 bis,
284 2407 618 2502 tendineis,'quae
649 2407 759 2482 vatio
789 2439 828 2482 se
852 2417 1055 2484 decussant
1082 2415 1221 2492 modo,

174 2532 213 2592 et
240 2521 854 2611 amplam,pulcherrimamque,
883 2522 1053 2606 figuram
1077 2519 1224 2586 trifolii

174 2627 460 2719 aemulan-tem,
482 2627 725 2690 constituunt
742 2625 1009 2710 aponevrosin.
1042 2625 1085 2688 In
1110 2628 1223 2706 parte

171 2730 301 2797 medie
320 2728 399 2810 ejus
424 2729 568 2806 centri,
591 2729 833 2794 dextrorsum
852 2723 1084 2795 foramen
1112 2721 1220 2794 adesi

171 2856 229 2922 qu
244 2858 266 2899 a
278 2835 300 2898 d
312 2857 330 2898 r
344 2835 357 2898 i
371 2835 538 2900 leteru
550 2855 587 2898 m
607 2875 617 2910 ,
647 2856 786 2900 venam
826 2839 963 2900 cavam
994 2831 1221 2898 inferiorem

169 2941 214 3008 in
235 2938 403 3004 thoracis
423 2957 559 3002 cavum
579 2938 861 3004 transmittens.
875 2931 1221 3020 Carneadiaphra·

168 3045 313 3131 gmatis
332 3043 478 3128 portio,
501 3040 681 3106 tendinea
710 3042 832 3106 multo
865 3041 1057 3128 amplior,
1083 3037 1219 3106 costali

170 3155 210 3214 et
232 3146 403 3212 lumbari
423 3139 671 3229 componitur
694 3151 818 3230 perte.
925 3191 929 3206 .

255 3316 375 3380 Pars
401 3301 865 3402 costalissmuscuius
889 3311 1013 3396 majo'r
1033 3311 1217 3399 diaphra·
1299 3337 1301 3342 ’

171 3419 337 3506 gmatis,
359 3419 400 3482 in
427 3415 578 3508 singulo
606 3419 726 3482 latere
757 3415 949 3482 fasciculis
982 3417 1130 3487 carneis
1151 3437 1217 3500 sex

169 3525 348 3614 internae
374 3515 497 3588 faciei
518 3521 743 3588 infimarum
774 3529 966 3588 costarum
1001 3528 1039 3588 et
1060 3523 1217 3588 cartila-
1242 3531 1246 3536 ’

169 3631 314 3716 ginum·
329 3651 480 3709 earum,
505 3636 618 3715 atque
647 3629 794 3694 duabus
819 3628 1015 3694 distinctis
1038 3629 1102 3694 vel
1125 3647 1215 3692 con·

146 3735 314 3818 ¹junctis
345 3731 591 3817 portionibus
615 3730 807 3814 processui
839 3731 1049 3814 xiphoideo
1072 3729 1215 3796 adhae-

167 3845 251 3918 ret3
274 3845 511 3922 convergunt
528 3839 762 3902 musculares
791 3837 835 3902 hi
856 3837 1034 3902 fasciculi
1064 3837 1106 3900 in
1127 3841 1212 3900 ten·

173 3942 288 4007 dinco
321 3946 472 4015 centro,
495 3941 536 4004 in
560 3959 636 4024 quo
663 3925 832 4004 aiterum
859 3940 1134 4004 nanciscuntur
1163 3935 1213 4001 fi·
1233 3979 1261 4014 ,ι
1296 3965 1297 3972 ¹

171 4067 274 4124 nem.
296 4047 413 4111 Pars
435 4047 485 4110 lu
497 4067 534 4111 m
548 4047 571 4109 b
586 4067 606 4108 a
618 4067 636 4110 r
650 4045 662 4108 i
675 4067 700 4134 ε]
713 4040 743 4107 s'.
764 4044 956 4109 musculus
983 4043 1110 4108 minor
1132 4039 1216 4104 dia·

170 4151 603 4240 phragmatis·,“tribus
634 4151 808 4224 cruribus
838 4150 882 4214 in
910 4140 1064 4232 'singulo
1095 4145 1218 4226 letare

132 4303 134 4314 .
169 4259 355 4355 exoritur.
385 4259 508 4346 Ceus
540 4261 833 4338 externum,
864 4253 1003 4322 ceteris
1032 4229 1213 4332 hrevius,
1265 4249 1290 4265 ’“
1313 4269 1326 4286 Δ·
1414 4283 1416 4288 ’
