2956 4996
296 385 360 451 288
442 377 530 446 Lr's.
552 377 581 446 Ι.
601 379 691 445 cnr.
712 375 777 444 111.
800 375 860 443 Dr
881 389 1195 448 nssrrnsrronu.

290 519 397 593 tum,
416 520 569 585 ratione
596 525 778 604 sequente
801 537 1059 602 exponemus,
1083 529 1332 608 nostramque

291 622 514 704 opinionem
555 641 642 685 cum
677 622 844 686 aliorum
882 621 965 685 cell.
1003 623 1330 710 ‘physiologorum

291 725 486 790 sententia
509 723 783 810 conjungemus
806 721 860 810 ¹¹).

369 888 527 956 Delatus
548 889 590 954 in
610 890 810 972 pulmones
831 887 897 954 a'e'r
924 905 1010 955 cum
1032 891 1135 954 vasis
1169 889 1327 974 capilla-

288 994 421 1072 ribus,
450 991 725 1057 bronchiorum
750 1011 879 1055 ramos
909 997 947 1056 et
975 993 1162 1058 vesiculas
1195 997 1326 1058 aireas

287 1095 531 1179 cingentibus
561 1091 581 1178 (
594 1101 622 1170 ς.
651 1095 778 1178 gen),
806 1093 847 1157 in
878 1099 1101 1182 contactum
1144 1093 1325 1179 ponitur:

284 1199 567 1264 concitatvasa
598 1196 793 1260 eademst
822 1195 948 1278 ipsam
979 1197 1098 1262 etiam
1127 1211 1326 1264 mucosam

224 1321 233 1352 s
284 1299 475 1373 tunicam,
495 1317 591 1384 quae
614 1297 808 1361 internam
831 1295 994 1362 investit
1014 1299 1243 1392 pulmonum
1264 1315 1327 1362 su·

281 1399 480 1488 perficiem
493 1441 503 1478 ,
515 1399 702 1484 ponitque
723 1399 764 1462 in
785 1400 1018 1464 reactionem
1036 1397 1220 1474 vitalem,
1235 1421 1324 1466 ner-

283 1525 376 1570 voso
409 1506 636 1586 pulmonum
669 1507 858 1585 apparatu
891 1505 1095 1588 praecipue
1133 1505 1324 1588 gubernas

281 1615 378 1674 tam.
400 1609 466 1672 His
486 1603 632 1671 accedit
649 1603 784 1668 vitalis
804 1605 1004 1690 sanguinis
1025 1601 1202 1690 energia,
1224 1623 1323 1689 quae

282 1710 504 1796 singulari,
535 1713 573 1771 et
601 1705 762 1770 necdum
793 1705 946 1792 cognito
979 1707 1089 1772 modo
1120 1707 1162 1772 in
1192 1705 1321 1772 adrem

280 1833 456 1900 reagere,
493 1815 606 1897 atque
640 1809 832 1892 insignem
861 1810 1097 1876 biochemici
1129 1825 1322 1893 processus

280 1928 381 1991 serre
400 1919 551 1986 videtur
571 1923 733 2002 partem.
756 1919 844 1982 Tali
865 1915 985 2004 igitur
1007 1919 1160 1984 ratione
1186 1919 1255 1996 fit,
1276 1920 1322 1984 ut

282 2027 414 2111 aliqua
434 2022 629 2106 adspirati,
643 2021 742 2085 atris
772 2040 859 2104 pars
888 2043 911 2086 a
931 2021 1116 2106 sanguine
1144 2023 1321 2086 attraha-

279 2132 366 2206 tur,
387 2129 497 2212 eique
513 2123 757 2190 adsimilatur
778 2124 860 2202 ita,
880 2130 924 2189 ut
945 2145 1099 2190 omnem
1120 2144 1231 2188 suem
1251 2123 1318 2190 ds·

277 2235 399 2316 ponat
413 2229 580 2294 formam
603 2229 640 2291 et
656 2226 839 2291 indolem.
867 2227 966 2290 Dum
991 2226 1086 2290 haec
1112 2225 1318 2304 accidunt,

278 2333 435 2418 sanguis
455 2332 536 2416 ipse
560 2335 821 2404 restauretur,
841 2329 1033 2394 minuitur
1059 2327 1317 2414 phlogistico,

276 2446 438 2526 augetur
468 2435 677 2521 exygenio,
704 2433 947 2499 contrahitur
968 2434 1011 2498 in
1032 2433 1211 2500 volumen
1242 2435 1317 2498 mi·

275 2559 369 2624 nus,
394 2557 600 2626 omnesque
624 2538 766 2620 accipit
789 2537 895 2602 dotes
909 2579 919 2612 ,
941 2534 1077 2623 quibus
1109 2539 1316 2606 arteriasue

276 2637 418 2732 gaudet
446 2645 586 2708 humor
618 2636 676 2721 (t.
701 2640 821 2722 ιιο.).
856 2635 1188 2721 Quemadmodum
1222 2635 1316 2702 bilis

277 2746 394 2835 chylo
416 2745 552 2810 adfusa
580 2738 873 2825 decomponitur
886 2780 898 2822 ,
918 2743 1121 2810 humorem
1153 2741 1315 2807 nutriti·

274 2871 342 2921 um
361 2855 509 2924 mutat,
531 2864 672 2934 perque
690 2867 830 2912 novam
852 2867 938 2912 cum
959 2847 1162 2932 particulis
1187 2847 1311 2914 inuti·

274 2953 376 3022 libus
406 2949 726 3033 compositionem
750 2949 791 3014 in
825 2934 1107 3016 excrementum
1137 2955 1313 3014 mutatur

274 3059 289 3138 t
301 3063 348 3136 §t
370 3057 444 3138 306.
462 3067 535 3137 314.
550 3063 591 3140 )‚
621 3052 680 3116 ita
704 3071 748 3116 ex
771 3053 858 3116 edre
885 3060 922 3118 et
954 3053 1142 3140 sanguine
1173 3050 1312 3120 intime

269 3161 396 3232 unitis
415 3179 515 3224 nova
531 3153 661 3240 prodit
680 3155 898 3220 a'eriformis
921 3157 1207 3242 secretio,quae
1225 3179 1311 3240 par·⁴

269 3263 410 3330 ticulas
429 3259 602 3324 continet
613 3302 626 3337 ,
649 3276 734 3322 cum
759 3260 949 3342 respirate
972 3253 1059 3327 edre
1080 3257 1310 3326 elimiandas

271 3357 325 3453 ii·
343 3364 456 3448 sno·

350 3521 560 3586 Nervorum
587 3527 717 3586 eutem
749 3523 979 3606 potestatem
1001 3524 1193 3610 insignem
1223 3545 1306 3593 esse

264 3625 308 3695 ln
332 3625 649 3710 respirationem,
673 3625 816 3691 dudum
848 3628 1101 3694 adverterunt
1129 3631 1305 3714 complue

263 3735 324 3798 les
353 3719 435 3794 cell.
469 3728 730 3792 observatores
768 3731 842 3814 ⁰).
872 3732 1132 3798 LeGsttots
1172 3735 1302 3800 autem

89 3801 93 3811 Ι
151 3893 153 3903 ,
253 3835 441 3922 pluribus
463 3851 584 3918 nuper
611 3831 780 3898 ostendit
803 3835 1101 3916 experimentis,
1128 3839 1301 3922 respira·

260 3939 410 4007 tionem
427 3939 603 4021 protinus
624 3936 770 4000 sufferri
789 3935 829 4000 in
851 3938 1112 4018 animalibus,
1132 3942 1197 4006 ubl
1221 3959 1302 4005 me·

259 4037 369 4108 dulle
391 4039 599 4125 oblongats
610 4061 675 4118 ,ea
694 4039 898 4122 praecipue
918 4061 1025 4123 pars,
1040 4061 1135 4129 quae
1147 4051 1177 4115 8.
1190 4051 1298 4108 nerv.

255 4147 342 4234 pari
361 4145 551 4229 originem
575 4141 761 4225 largitur,
782 4143 993 4210 destruitur
1016 4149 1072 4234 a).
1104 4145 1178 4214 cel.
1206 4165 1298 4216 vero

256 4249 498 4320 Durnrrnrr
520 4249 597 4314 suis
621 4246 793 4316 ostendit
823 4251 1025 4335 periculis,
1058 4273 1082 4320 a
1105 4253 1229 4320 Prsse
1252 4251 1300 4420 pp

1170 4355 1251 4422 tiss
