2898 4992
179 405 186 416 -
288 365 351 444 446
392 362 479 429 Lrs.
499 323 633 424 licus.
653 355 711 422 Vl.
732 357 790 419 De
811 367 995 421 erneurro
1016 367 1240 422 sensimus.

743 521 772 593 l·
815 523 888 598 393⁶

288 702 490 780 Alte'rni
520 701 686 770 cordis
720 704 900 764 motus.
946 691 1148 767 (leuseet
1181 703 1328 768 Phae·

397 817 399 822 '
702 821 926 868 nomene

339 973 341 980 '
363 959 617 1050 Praecipuum
648 951 963 1047 phaenomenon‚
989 961 1096 1048 ¹quod
1122 951 1331 1029 circuitum

282 1073 484 1158 sanguinis
508 1072 549 1133 in
568 1069 726 1132 homine
747 1073 783 1132 et
805 1065 1000 1153 quibusvis
1021 1069 1256 1132 animalibus
1270 1089 1331 1131 co·-

288 1179 477 1252 initetur,
499 1193 621 1258 quove
643 1171 776 1235 vitalis
801 1173 940 1236 humor
960 1169 1189 1256 praeprimis
1202 1194 1332 1236 move-

283 1286 372 1355 tur,
402 1279 554 1342 alterne.
583 1279 638 1338 est
669 1271 789 1337 cordis
821 1277 858 1338 et
887 1287 1064 1338 vesorum
1101 1291 1332 1359 magnorum

287 1381 500 1447 contructis
521 1363 763 1466 (systole)
784 1383 822 1444 et
846 1376 1024 1462 expansio
1039 1373 1081 1459 (d
1096 1379 1107 1441 i
1121 1401 1167 1442 as
1186 1386 1234 1443 to
1250 1379 1261 1444 l
1275 1381 1333 1464 ε).

286 1471 666 1572 Observatureutem
690 1479 897 1564 singularis
927 1473 968 1544 in
999 1485 1108 1545 motu
1144 1481 1264 1546 cordis
1290 1484 1332 1546 el:
1405 1469 1408 1484 '

286 1607 466 1654 vesorum
488 1605 713 1674 magnorum
734 1583 850 1660 ord0,
878 1581 989 1664 adeo,
1022 1591 1065 1649 ut
1100 1586 1330 1650 contractio·

284 1705 352 1761 nes
373 1697 410 1756 et
435 1685 686 1754 dilatationes
710 1696 896 1752 certarum
920 1689 1091 1769 partium
1119 1711 1157 1752 se
1187 1695 1324 1754 mutuo

287 1794 506 1877 excipient,
546 1796 747 1872 certaeque
776 1795 902 1871 partes
938 1788 1051 1852 simul
1079 1798 1327 1856 moveantur.

285 1896 425 1962 Eodem
446 1892 587 1977 quippe
608 1896 802 1974 tempore,
831 1909 905 1974 quo
930 1891 1137 1955 ventriculi
1169 1891 1208 1955 in
1245 1893 1332 1956 die·

286 2002 384 2068 stole
406 1995 595 2066 existunt,
615 1993 721 2057 sinus
740 1999 898 2079 uterque
918 1981 1160 2058 contrahitur
1172 2029 1182 2069 ,=
1194 1995 1253 2059 his
1269 2019 1333 2060 vea

285 2119 327 2168 ro
348 2095 524 2162 dilatetis
544 2093 749 2182 ventriculi
766 2096 883 2159 simul
914 2093 1203 2162 contrahuntur.
1232 2100 1334 2162 vase

286 2208 417 2268 eutem
438 2215 578 2282 magne
601 2216 686 2261 eum
705 2197 808 2292 pavis
833 2199 909 2262 suis
930 2201 1103 2280 opposito
1127 2208 1335 2264 moventur

283 2309 479 2385 tempore:
525 2298 616 2362 dum
645 2299 751 2362 'sinus
774 2301 814 2382 in
842 2301 984 2386 systole
1013 2299 1326 2378 constituuntur,

286 2425 407 2470 venae
429 2421 543 2466 cavae
566 2407 603 2464 et
633 2403 871 2484 pulmoneles
905 2389 1141 2478 dilatentur,
1173 2411 1210 2466 et
1240 2425 1333 2468 cond

285 2509 496 2572 trahuntur
519 2525 563 2567 eo
585 2511 801 2581 momento,
829 2524 902 2590 quo
926 2505 955 2568 ii
978 2503 1212 2576 dilatantur:
1247 2529 1334 2570 eor-

285 2615 329 2674 te
348 2608 436 2672 dein
460 2613 498 2670 et
517 2595 753 2690 pulmonulis
779 2601 920 2672 arteria
942 2595 983 2671 in
1007 2597 1129 2674 simili
1139 2607 1228 2674 sunt
1239 2629 1329 2676 cum

285 2707 511 2777 ventriculis
533 2707 721 2772 antithesi
742 2708 794 2796 ').

368 2868 651 2958 Proposuerunt
689 2861 758 2932 elii
779 2861 856 2934 viri
889 2857 970 2934 cell.
1000 2861 1231 2955 hypotheses
1258 2887 1328 2940 va·-

185 3041 189 3056 ,
286 2981 381 3062 ries,
405 2973 741 3065 quibusordinem
764 2975 977 3052 alternum,
1001 2995 1075 3060 quo
1097 2979 1219 3044 cordis
1239 3002 1329 3063 per-

284 3091 343 3151 tes
370 3081 612 3163 stringuntur
643 3081 681 3139 et
708 3065 907 3152 laxentur,
944 3076 990 3140 ed
1026 3101 1109 3144 sues
1145 3082 1328 3148 reducere

102 3218 106 3229 .
201 3227 203 3232 -
285 3171 416 3253 causes
442 3178 888 3264 nitebantur**).Erent
912 3200 1048 3264 nempe
1081 3180 1224 3270 aliqui,
1257 3187 1327 3272 qui

284 3294 375 3376 post
396 3283 598 3352 Claudium
629 3282 842 3346 Punneutr
871 3282 1135 3361 crediderunt,
1163 3287 1254 3352 duos
1283 3287 1327 3355 iu

254 3433 256 3441 r
285 3389 395 3460 sorde
408 3389 567 3454 existere
580 3383 765 3450 fibrarum
778 3375 952 3450 ordines:
965 3395 1087 3453 rectas
1101 3410 1164 3454 cor
1176 3391 1326 3456 relexe-

286 3515 328 3562 re
340 3539 351 3574 ,
364 3499 595 3559 transversas
618 3493 786 3563 erctere,
810 3507 943 3574 eosque
958 3489 1143 3556 fibrarum
1168 3493 1324 3560 ordines

285 3598 362 3684 sibi
381 3601 515 3659 mutuo
536 3593 729 3667 resistere,
743 3598 780 3656 et
802 3612 838 3654 se
863 3599 995 3657 mutuo
1017 3593 1242 3660 alternatim
1262 3618 1325 3662 su·

284 3713 433 3787 perere.
465 3701 549 3780 Ipse
571 3701 703 3759 tamen
730 3691 915 3791 fibrarum
942 3705 1163 3781 cern'eerum
1197 3697 1323 3782 dispo·

287 3804 449 3892 sitiog(§.
471 3802 567 3884 387.)
587 3800 791 3862 manifeste
819 3798 1010 3873 ostendit,
1042 3801 1326 3883 oppositionem

223 3969 224 3974 ,
289 3919 374 3974 ea'm
395 3897 555 3972 minime
576 3891 763 3980 existere,
798 3913 926 3970 ornnes
957 3893 1141 3972 fibrarum
1172 3897 1324 3975 ordines

286 4011 344 4078 lte
364 4011 439 4076 sibi
458 4023 535 4075 es‘se
556 4009 798 4093 implicatos,
820 4015 863 4073 ut
884 4011 1011 4074 nullus
1028 4033 1176 4077 seorsus
1210 4029 1322 4099 egere

283 4119 414 4180 valeat
442 4116 507 4197 e);
543 4115 625 4196 ipse
656 4119 855 4196 praeterea
882 4109 1041 4178 diastole
1078 4133 1101 4179 e
1133 4107 1320 4183 librarum

284 4217 521 4306 quarundam
541 4215 803 4282 contractione
821 4217 1025 4301 repetenda
1048 4219 1210 4285 minime
1241 4222 1319 4296 est,
