2922 4996
110 451 115 460 ·
196 377 304 478 sier.
314 409 359 477 11.
373 411 433 476 Dr
447 425 568 476 crrrr
581 425 747 475 rormsr
769 409 798 474 1.
813 423 1121 478 lnrlsmlm.
1146 422 1209 496 ¹03

33 625 35 630 Ι
157 559 168 572 ”
196 597 200 606 .
229 557 343 611 omenti
369 571 445 610 nove
472 556 540 608 icon
569 553 621 622 (io
647 553 747 612 icona.
769 563 849 610 anet.
869 553 943 614 fase.
966 555 990 610 1.
1001 557 1024 622 ).
1043 587 1073 598 -
1095 557 1197 626 Ejusd.

226 646 322 702 Elem.
340 645 425 719 phys.
447 643 514 698 Lib.
530 641 589 696 XX.
606 641 686 695 Soet.
708 655 731 694 t.
749 640 783 696 Τ.
801 641 853 698 vl.
869 659 899 716 p.
918 641 979 696 dire.
1008 659 1054 718 sq.
1070 671 1104 688 -·
1121 645 1197 702 nob.
1222 661 1238 680 '

226 736 334 808 steph.
362 733 520 789 nunciet
553 729 717 806 descriptio
748 730 858 786 omenti
891 732 1069 788 scotomiae.
1106 717 1197 792 flisin.
1270 741 1279 761 '

155 865 158 874 ·
230 823 354 892 widi·

499 1087 502 1096 .
607 999 635 1072 i·
677 999 752 1068 288·

160 1181 425 1248 intestini
447 1178 616 1244 tenuis
641 1177 988 1248 differentiae
1013 1179 1067 1244 in
1097 1179 1201 1245 ani-

565 1281 797 1348 malibus.
880 1349 884 1360 .

242 1431 307 1494 Est
323 1429 444 1494 tubus·
459 1427 695 1516 intestinaiis
724 1434 813 1512 post
833 1429 1094 1500 ventriculum
1119 1451 1202 1498 ma·

161 1521 266 1598 sime
296 1550 499 1596 commune
533 1529 573 1592 in
603 1547 719 1612 regno
751 1530 916 1600 animali
943 1551 1141 1619 organon,
1165 1537 1204 1599 et

161 1637 369 1722 respondet
397 1637 475 1716 eius
509 1636 725 1718 amplitudo
756 1641 794 1700 st
821 1637 973 1704 fabrica
997 1639 1092 1726 ipsis
1124 1661 1204 1706 non

160 1741 277 1804 modo
318 1738 509 1802 consuetis
554 1737 783 1814 alimentis,
817 1759 952 1804 verum
991 1742 1230 1807 ventriculi

162 1862 314 1929 qnoque
335 1827 380 1906 et'
393 1842 560 1905 aliarum
583 1844 755 1926 partium
767 1883 777 1917 ‚
802 1842 850 1906 ad
870 1843 1122 1926 digestionem
1143 1845 1204 1908 sa-

161 1949 348 2042 cientium
384 1945 624 2022 conditioni,
656 1952 700 2012 ut
730 1947 825 2012 adeo
855 1969 874 2012 s
909 1949 994 2012 sola
1023 1947 1206 2014 intestini

161 2049 489 2132 contomplatione
518 2051 811 2116 convenientem
840 2071 885 2114 es
904 2055 1044 2116 natura
1073 2051 1204 2116 cibum

163 2155 339 2219 divinare
369 2151 472 2216 haud
509 2153 643 2236 possis.
687 2155 729 2217 In
761 2155 953 2239 plerisque
985 2155 1205 2220 herbivoris
1289 2149 1292 2162 '

161 2260 314 2342 longior
334 2265 389 2322 est
409 2259 522 2322 tubus
545 2261 815 2327 alimentarias
835 2253 949 2346 qua'm
968 2261 1007 2324 in
1031 2263 1205 2326 carnivo-

162 2365 237 2436 ris,
264 2369 302 2424 et
322 2367 429 2425 tenet
448 2362 631 2453 ‘medium
661 2365 702 2428 in
727 2363 961 2444 omnivoris3
982 2384 1091 2446 saepe
1119 2365 1206 2428 bre·

161 2468 264 2530 vitas
288 2465 569 2548 amplitudine,
592 2469 836 2534 valvnlorum
858 2469 1011 2552 copioso
1046 2465 1205 2536 numero

164 2574 232 2632 aut
255 2567 399 2648 majore
418 2567 616 2649 volumina
638 2577 927 2654 compensatur,
947 2578 1063 2654 prout
1083 2574 1208 2640 nimia

164 2669 370 2754 longitudo
395 2691 459 2754 per
493 2673 715 2755 angustiam
735 2713 753 2748 ,⁴
771 2679 838 2738 aut
865 2675 1109 2740 valvularum
1142 2675 1207 2740 de·

161 2775 267 2839 fectu
292 2771 559 2856 restringitur,
582 2780 713 2860 estque
734 2775 844 2840 varia
865 2777 906 2840 in
927 2776 1088 2841 diversis
1109 2779 1208 2844 clas·

163 2880 268 2944 sibus
295 2885 332 2942 et
351 2876 515 2942 familiis
537 2879 677 2942 horum
698 2881 924 2966 proportio,
948 2883 992 2942 ut
1014 2881 1205 2958 tabellae,
1300 2879 1307 2888 ⁴

165 3003 187 3046 a
214 2963 469 3046 celsciivlta
502 2999 644 3064 magna
672 2981 864 3046 industria
896 2981 1117 3046 elaboratae
1142 2987 1206 3068 ‘),
1249 3057 1251 3062 .

164 3091 384 3174 perhibent.
416 3092 459 3154 In
488 3089 762 3156 mammalibus
792 3091 964 3156 maxima
991 3089 1208 3174 generatim

166 3192 382 3258 advertitur
407 3193 486 3273 eius
507 3192 676 3269 canalis,
699 3195 732 3257 si
764 3211 850 3256 cum
879 3181 966 3258 toto'
986 3193 1209 3258 conferetur

166 3315 349 3378 corpore,
372 3296 597 3380 longitudo,
624 3301 662 3360 et
691 3296 875 3362 decrescit
898 3283 944 3360 e'a
970 3297 1089 3362 ferme
1117 3315 1207 3380 pro·

164 3399 369 3484 portione,
404 3418 478 3484 qua
503 3397 551 3463 ad
583 3398 787 3464 inferiores
821 3399 1087 3465 descendimus
1121 3399 1209 3464 ani·
1265 3436 1272 3454 ι

164 3501 328 3576 molium
350 3502 502 3576 classes,
528 3502 604 3574 ita,
625 3509 669 3566 ut
690 3503 851 3585 reptilia
871 3504 1061 3568 nonnulla
1083 3508 1122 3566 et
1140 3504 1203 3586 pi·
1289 3552 1292 3562 .

165 3623 243 3672 coes
264 3603 481 3668 breviorem
500 3603 671 3682 habeant
691 3607 826 3668 tubum
846 3597 1139 3687 alimentarium
1160 3623 1205 3670 ac

107 3789 108 3794 ἵ
164 3709 291 3790 ipsum
319 3711 375 3770 est
400 3727 558 3790 corpus,
582 3707 686 3792 quod.
712 3705 866 3791 quidem
890 3706 931 3770 in
954 3707 1080 3772 brutis
1116 3724 1205 3790 per·

165 3809 389 3878 fectioribus
407 3829 597 3895 nusquam
621 3809 783 3875 obtinet.
841 3881 845 3894 ¹

167 4023 172 4036 .
248 3975 447 4039 Cernimus
476 3976 517 4040 in
546 3964 738 4061 plerisque
755 3975 992 4042 ‘vertebratis
1026 3971 1208 4039 animali·
1274 4032 1280 4046 ,

167 4076 235 4144 bus
274 4061 505 4162 intestinum
528 4079 579 4165 ‚in
609 4079 702 4143 duas
731 4077 950 4162 ¹seiunctum·
982 4075 1204 4159 portioness

167 4205 286 4250 onam
305 4187 547 4262 tenuiorem,
570 4186 808 4270 longiorem,
829 4176 943 4248 villis
955 4182 1145 4256 obsitam,
1168 4185 1210 4244 et
1252 4249 1258 4254 ,

168 4289 331 4360 alteram
367 4288 628 4375 ampliorem,
655 4289 905 4364 breviorem,
927 4281 1059 4370 paucis
1095 4281 1209 4354 villis

728 4398 735 4426 l
