2898 4992
272 383 339 464 ilo
383 385 468 453 Lm.
489 381 519 450 1.
542 385 631 450 cnr.
653 381 712 448 v1.
733 382 793 446 De
817 395 1001 446 creeurru
1017 395 1239 453 serissime.

277 550 349 614 que
369 529 498 596 sinum
516 525 638 592 cordis
661 524 837 590 dextrum
862 531 1070 590 transeunt
1092 522 1142 608 (ς.
1165 537 1236 610 387.
1255 525 1312 614 l.).

275 634 378 702 Dum
397 629 518 712 igitur
536 631 641 692 sinus
667 627 741 691 iste
768 625 960 692 relaxatus
988 635 1047 692 eet
1078 637 1115 694 et
1139 631 1312 715 sauguine

277 752 452 807 vaouus,
482 733 622 796 humor
654 729 757 793 idem
784 729 934 794 evenis
966 734 1070 796 cavis
1104 735 1259 798 elastice
1279 754 1313 794 e·

207 853 237 878 '·
279 834 390 905 arnm
421 847 458 903 et
488 835 710 904 contraclili
738 839 800 913 vi,
822 836 988 919 pondere
1020 847 1218 922 praeterea
1237 859 1315 924 pro·

275 945 361 1030 prio
376 944 458 1018 ‚vel
476 941 643 1004 maxime
663 945 792 1003 autem
814 941 930 1003 latice
951 943 1134 1006 continuo
1154 941 1314 1006 adfluen-

277 1053 316 1110 te
349 1050 440 1109 eta
472 1050 581 1126 tergo
613 1047 795 1126 urgente,
830 1043 871 1106 in
896 1042 1022 1106 cordis
1053 1065 1138 1106 eam
1171 1045 1318 1106 caveam

276 1153 540 1234 promovetur.
572 1147 672 1230 Quia
702 1167 793 1214 vero
816 1153 989 1232 tempore
1020 1147 1155 1214 eodem
1174 1143 1317 1212 ventri·

278 1257 384 1317 culus
406 1250 641 1332 pulmonalis
664 1256 883 1312 contractus
903 1256 981 1324 est,
997 1249 1152 1332 sanguis
1174 1248 1213 1312 in
1235 1247 1316 1311 sinu

279 1354 529 1432 cumulatum
545 1352 644 1414 unde
668 1352 834 1434 parietes
857 1351 957 1430 ejus,
981 1359 1019 1414 et
1047 1351 1164 1434 paulo
1194 1349 1318 1428 serius,

279 1458 455 1546 aurirula
497 1458 772 1519 intumescunt.
820 1456 1028 1519 Irritantur
1064 1475 1164 1518 nunc
1195 1453 1317 1538 *fibrae

279 1564 514 1626 musculares
539 1561 645 1624 sinus
675 1566 711 1622 et
738 1558 933 1622 auriculae
964 1559 1217 1636 mechanico,
1242 1557 1320 1620 che-

278 1662 379 1727 mico
402 1671 438 1728 et
457 1663 662 1746 dynamico
685 1661 883 1744 sanguinis
915 1661 1099 1738 stimulo,
1128 1667 1167 1724 et
1186 1680 1319 1745 provo·

282 1773 419 1828 cantur
450 1763 497 1827 ad
532 1765 593 1826 sui
631 1765 964 1842 contractionem
998 1763 1204 1846 stringitur
1235 1765 1320 1828 hinc

279 1868 422 1932 atrium
448 1867 549 1929 idem
566 1887 630 1947 per
649 1886 780 1930 omnes
803 1866 1084 1944 dimensiones,
1110 1869 1212 1933 unde
1237 1889 1319 1932 san·

279 1974 366 2056 guis
387 1970 682 2052 comprimitur,
721 1973 855 2055 suique
885 1972 1031 2036 exitum
1056 1963 1239 2055 quaerere
1270 1990 1323 2032 oo·

206 2111 209 2116 -
283 2075 400 2156 gitur.
425 2073 548 2137 Habet
569 2078 698 2136 autem
721 2073 826 2138 viam
852 2069 1066 2156 duplicem:
1090 2075 1218 2138 redire
1241 2093 1287 2158 po
1297 2077 1327 2135 t·

282 2183 341 2241 est
369 2178 409 2240 in
436 2197 551 2240 venas
583 2160 697 2240 cavas
715 2221 726 2252 ,
745 2183 782 2240 et
807 2177 973 2242 transire
1002 2197 1070 2260 per
1092 2179 1235 2243 ostium
1265 2200 1323 2241 ve·

281 2281 419 2350 no'sum
443 2282 482 2348 in
502 2283 761 2348 ventriculum
782 2283 1059 2367 pulmonalem.
1083 2285 1176 2348 Cum
1199 2284 1324 2347 valvu-

283 2387 324 2450 la
345 2385 541 2448 Eustachii
561 2385 704 2448 ostium
731 2405 851 2448 venae
874 2405 987 2450 cavae
1010 2385 1211 2452 inferioris
1230 2377 1326 2449 haud

285 2489 491 2562 obstruat,
511 2491 548 2549 et
579 2487 679 2550 liber
708 2488 760 2550 sit
785 2493 933 2552 meatus
963 2487 1004 2550 in
1033 2509 1173 2552 venam
1202 2506 1328 2552 cavam
1418 2490 1419 2522 ¹

287 2589 552 2672 superiorem,
578 2588 709 2674 aliqua
727 2589 923 2671 sanguinis
943 2611 1032 2673 pars
1053 2591 1157 2655 sinus
1182 2599 1329 2658 contra·

286 2692 414 2753 ctione
434 2691 476 2754 in
497 2713 559 2756 eas
588 2713 704 2756 venas
727 2695 886 2780 omnino
916 2695 1141 2778 repellitur3
1163 2695 1326 2761 dilatan-

287 2797 354 2856 tu‘r
375 2794 464 2857 hino
490 2813 609 2858 venae
627 2795 781 2859 eaedem
806 2803 842 2861 et
860 2800 1018 2879 pulsant
1038 2797 1085 2891 ad
1115 2798 1286 2884 aliquam
1308 2815 1327 2856 a

289 2897 403 2965 eorde
434 2899 681 2976 distantiam,
705 2901 883 2983 adeo‚ut
915 2905 1046 2984 pulsus
1069 2904 1172 2970 idem
1198 2927 1221 2968 a
1244 2921 1330 2967 cava

291 3005 486 3086 superiore
528 3025 645 3090 usque
676 3025 813 3069 venam
840 3006 1052 3090 iugularem
1082 3009 1276 3072 internam
1299 3008 1333 3068 et

291 3110 515 3176 subclaviae
539 3112 699 3176 initium
721 3111 926 3195 utrinque,
951 3118 990 3175 et
1015 3111 1063 3175 ab
1086 3113 1273 3177 inferiore
1293 3109 1330 3171 in

293 3219 482 3282 abdomen
494 3201 618 3300 'usque
635 3220 878 3298 propagetur.
901 3217 1084 3295 Maiorem
1097 3223 1228 3280 tamen
1251 3233 1331 3278 san·

294 3321 423 3404 guinis
463 3339 673 3403 regressum
708 3318 853 3400 partim
892 3321 1072 3386 valvulae
1113 3313 1333 3402 systematis

292 3422 445 3496 venosi,
465 3422 610 3504 partim
630 3419 824 3502 sanguinis
844 3421 1044 3498 columna,
1065 3419 1264 3484 contraria
1279 3415 1331 3478 di·

294 3524 465 3592 rectione
490 3529 690 3606 promota,
711 3522 943 3606 impediunt.

381 3669 571 3732 Minorem
594 3687 685 3730 vero
717 3666 868 3734 invenit
896 3667 1050 3754 sanguis
1076 3667 1117 3731 in
1146 3667 1249 3731 ostio
1276 3679 1335 3722 ve·

297 3777 391 3836 noso
411 3763 696 3843 resistentiam,
715 3769 907 3855 siquidem
930 3769 970 3834 id
993 3769 1178 3849 maiorem
1198 3767 1337 3832 habeat

298 3875 490 3939 ambitum
522 3891 636 3966 quam
665 3875 779 3936 ostia·
797 3891 984 3937 venarum
1014 3893 1194 3937 cavarum
1227 3863 1339 3935 simul

299 3965 447 4050 sumta,
468 3977 624 4060 ipseque
647 3974 777 4040 dexter
805 3976 1044 4040 ventriculus
1067 3973 1254 4058 sanguine
1276 3987 1338 4032 va·

301 4085 436 4144 cuatus
456 4083 494 4142 et
515 4080 707 4143 relaxatus
730 4098 773 4140 eo
795 4078 847 4141 sit
869 4085 1078 4143 momento.
1108 4077 1241 4140 Potior
1268 4068 1338 4153 igi·

299 4187 366 4245 tur
383 4179 582 4264 sanguinis
604 4179 716 4262 copia
736 4179 779 4242 in
803 4182 1070 4264 pulmonalem
1096 4179 1339 4266 promovetur

299 4269 590 4364 ventrieulum,
611 4289 723 4351 tanto
753 4283 919 4378 quidem*
936 4286 1084 4373 magis,
1105 4301 1192 4352 cum
1224 4279 1342 4346 fibrae
