2956 4996
190 461 193 470 ,
217 401 325 466 sacr.
336 395 404 462 111.
418 391 476 456 Du
498 403 677 454 susurro
698 403 1108 462 arcemur-arsum.
1154 401 1213 468 281

170 539 386 626 plurimum
405 532 673 610 illustraverit,
686 534 839 616 penitus
862 537 943 600 erui
959 537 1122 604 necdum
1132 546 1218 624 pot·

174 654 276 723 erat,
298 667 382 712 eam
403 648 451 710 ob
473 664 649 716 causam,
671 641 772 726 quod
805 650 911 712 actus
933 645 1215 728 respirationis,

174 757 216 817 ut
238 749 362 814 omnis
394 748 564 832 corporis
596 746 768 820 functio,
801 746 1097 830 biodynamicae
1127 747 1217 812 sub·

176 854 294 938 jectus
315 853 369 918 sit
387 851 586 936 energiae,
605 869 673 915 nec
695 849 787 914 adeo
810 852 941 916 ceolis
969 851 1139 916 chemiac
1160 853 1215 916 le·

175 958 283 1043 gibus
305 955 472 1040 intelligi
506 956 629 1040 possit
646 949 717 1040 (Μ.
728 959 788 1039 123·
805 952 896 1042 pn).
920 955 1130 1022 Audiamus
1155 979 1238 1030 οτι,

173 1081 219 1148 go
239 1061 450 1128 sententias
469 1060 705 1144 praecipuas.

252 1205 291 1283 ι)
311 1201 454 1266 Dicunt
473 1201 658 1284 plurimi,
683 1200 906 1286 sanguinem
936 1200 1118 1284 nigrum,
1143 1199 1212 1284 qui
1263 1283 1265 1288 Δ

170 1321 237 1394 per
260 1302 443 1366 arteriam
472 1303 731 1384 pulmonalem
761 1303 802 1366 in
832 1305 1034 1386 pulmones
1063 1303 1213 1386 fertur,

172 1407 374 1472 carbonico
404 1405 693 1494 abundsrs··),
725 1408 839 1494 idque
868 1405 1104 1489 principium
1141 1427 1212 1491 per

168 1510 397 1594 exygenium
416 1509 605 1592 adspirati
625 1512 725 1576 airis
748 1509 917 1585 attrahi,
939 1517 976 1574 et
995 1509 1063 1572 sub
1083 1511 1212 1578 forme

168 1613 266 1678 adr-is
287 1609 353 1676 fixi
374 1631 458 1676 cum
476 1613 661 1697 respirato
683 1615 771 1680 adra
796 1610 1005 1678 eliminari.
1031 1610 1210 1696 Pugnant

146 1699 151 1712 ’
168 1721 298 1784 autem
321 1713 606 1781 observationes
617 1717 810 1800 plurimae
827 1734 896 1799 pro
909 1715 1103 1780 sententia
1116 1714 1207 1782 ista.

172 1820 210 1888 Si
233 1819 336 1884 enim
354 1816 402 1880 ad
423 1837 487 1893 ea,
508 1838 605 1904 quae
624 1819 668 1881 de
694 1818 876 1883 arteriosi
899 1825 937 1884 et
954 1817 1087 1882 venosi
1116 1835 1206 1880 san·

169 1924 297 2008 guinis
318 1921 541 1988 discrimine
566 1923 671 1988 dicta
692 1930 781 1989 sunt
810 1921 829 2006 (
841 1931 870 2001 §.
899 1923 1209 2010 110.),redecta-

166 2047 275 2102 mus,
300 2026 500 2110 ipsamque
528 2027 629 2091 acidi
662 2025 857 2091 sarbonici
888 2027 1071 2108 rsspirati
1103 2025 1205 2090 a'e'ris

169 2133 322 2215 copiam
343 2131 400 2213 (ς.
423 2145 496 2216 334.
523 2133 579 2198 IV.
601 2153 638 2196 n.
658 2135 720 2218 e.)
749 2133 1051 2211 consideremus,
1080 2133 1209 2214 decap-

78 2253 81 2258 ·
164 2234 410 2303 bonisantem
433 2235 701 2320 respirationis
723 2236 911 2302 virtutem
930 2238 1012 2302 fere
1036 2238 1206 2304 evictam

165 2336 375 2422 eernlmusr
393 2337 455 2402 his
474 2337 638 2412 accedit,
650 2336 750 2422 quod
766 2337 921 2422 sanguis
941 2337 1049 2424 niger
1070 2338 1112 2404 in
1133 2337 1207 2402 flo-

163 2437 292 2504 ridum
320 2446 517 2514 vertatur,
541 2439 610 2502 ubi
626 2441 943 2534 latmosphaerioo
969 2441 1031 2504 vel
1061 2459 1202 2524 oxyga-

164 2541 231 2607 nio
252 2542 333 2605 adri
352 2543 557 2624 exponitur
575 2538 626 2622 (ς.
648 2545 760 2625 335),
780 2545 818 2606 et
839 2542 915 2633 ipsi
930 2542 973 2612 hi
999 2544 1105 2608 aeres
1125 2541 1205 2608 aci·

164 2643 211 2706 do
240 2643 439 2710 carbonico
469 2644 808 2728 impraegnantur,
842 2644 1078 2710 contrarium
1109 2663 1202 2708 vero

90 2795 92 2802 -
163 2746 314 2812 accidat
338 2767 422 2816 cum
443 2751 631 2814 arterioso
661 2749 841 2823 humore,
865 2751 948 2814 ae'ri
979 2748 1085 2813 acido
1117 2769 1200 2814 car-

160 2849 300 2915 bonico
334 2851 514 2934 subjecto.
547 2853 744 2934 Quaerunt
782 2857 944 2916 naturae
972 2857 1200 2918 scrutatores
1256 2879 1259 2886 ¹

160 2973 295 3037 porros
314 2973 362 3020 an
384 2954 487 3019 acidi
507 2952 701 3018 oarbonici
721 2955 870 3036 genesis
895 2955 936 3018 in
951 2955 1200 3039 pulmonibus

161 3057 256 3142 ipsis
280 3061 497 3144 contingat,
521 3079 572 3122 an
598 3077 688 3123 vero
718 3055 820 3122 idem
844 3059 886 3122 in
907 3059 1010 3122 vasis
1041 3058 1200 3142 sangui-

159 3160 252 3228 feris
269 3161 442 3225 universi
462 3160 632 3244 corporis
662 3165 886 3244 generetur,
906 3161 1023 3246 inque
1044 3161 1199 3244 pulmo·

160 3283 229 3334 nes
251 3269 432 3348 paratum
450 3265 551 3347 jam,
574 3270 612 3328 et
632 3281 718 3327 cunr
738 3264 929 3346 exspirato
952 3266 1038 3328 adra
1071 3265 1201 3330 elimi-

104 3405 109 3417 =
161 3364 334 3433 nandum
362 3364 569 3432 deferatur.
600 3351 726 3429 Priori
755 3365 934 3449 opinioni
965 3348 1199 3451 subscripse-

160 3476 254 3537 runt
290 3471 549 3548 storsrsn,
582 3472 824 3546 Purssrcur,
854 3474 1078 3544 crswrosn
1110 3474 1196 3555 ”),

158 3565 291 3640 onsvs
312 3581 407 3652 stc,
433 3563 632 3638 nectareas
657 3573 887 3638 asteriscum
909 3574 1135 3657 sanguinem
1157 3573 1200 3638 in

159 3673 338 3738 universo
363 3677 540 3758 capilleri
561 3681 771 3761 systemate
785 3715 795 3748 ,
819 3697 886 3761 per
912 3676 1200 3761 principiorum

157 3779 411 3842 nutritiorum
433 3779 625 3844 decessum
644 3781 681 3846 'et
701 3782 980 3864 particularum
1002 3791 1198 3866 corrupta-

158 3899 246 3944 rum
267 3880 549 3964 receptionem,
571 3883 611 3946 in
630 3903 832 3963 venosum,
855 3886 1056 3950 carbonico
1076 3887 1197 3950 abun·

159 3979 336 4062 dantem,
356 3985 549 4060 converti,
575 3987 750 4071 huncque
782 3971 1008 4070 sanguinem
1032 3988 1081 4050 ad
1102 4007 1197 4055 vasa

160 4083 366 4164 capillaria
384 4085 610 4166 pulmonum
631 4090 761 4166 mitti,
784 4094 821 4152 et
848 4108 916 4170 per
938 4087 1037 4152 airis
1070 4085 1194 4170 adspi-

158 4183 237 4254 rati
258 4187 492 4273 oxygenium
521 4191 768 4274 praevahnte
783 4189 941 4278 privari
968 4188 1197 4273 carbonito,

159 4289 388 4364 arteriosum
407 4291 530 4366 reddi.
