2912 5000
201 451 205 460 .
275 371 715 444 sicambrorum
740 381 997 436 suonerrorr·
1100 377 1165 454 383

149 497 153 507 ’
250 507 1163 600 a),Galxphosphorice‚acidopbospho·

205 617 284 680 rico
302 612 492 698 superfluo
514 613 662 686 soluta,
684 612 798 676 asel.
820 613 996 676 Scflnllcn
1014 614 1165 678 detecta

209 717 266 802 c)..
293 717 481 798 Delicitur
512 719 602 799 iste,
616 715 674 778 sal
707 713 789 778 albi
818 715 987 795 pulveris
1015 717 1163 790 forma,

208 823 277 886 ubi
299 823 434 886 urinas
467 820 613 884 recenti
645 818 884 882 ammonium
918 817 1072 888 additur
1095 827 1166 886 aut

210 943 310 1009 aqua
330 924 455 986 calcis.
486 921 703 1004 Deponitur
727 921 845 984 etiam
868 940 935 984 sua
963 931 1096 1004 sponte
1122 925 1169 988 in
1293 915 1296 922 ’

115 1097 119 1104 .
209 1027 306 1090 lotio
339 1023 515 1098 turbido,
540 1023 725 1086 simulac
752 1020 904 1109 acidum
936 1024 1164 1112 phosphori·

211 1147 296 1190 cum
325 1125 495 1196 liberum
525 1132 563 1188 et
591 1123 826 1206 superfluum
866 1128 1166 1208 evaporaverit,

207 1230 270 1292 vel
305 1247 389 1290 cum
419 1229 573 1292 evoluto
609 1229 806 1290 ammonio
836 1237 957 1292 semet
982 1215 1166 1307 iunxerit.

208 1334 252 1396 Iu
274 1337 517 1414 aegrotorum
542 1329 747 1394 hominum
771 1331 885 1394 urina
910 1333 1065 1413 copiosa
1087 1354 1165 1398 esse

209 1436 310 1500 solet
331 1433 416 1498 calx
436 1429 710 1516 phosphorica;
733 1421 921 1498 minorem
944 1455 1035 1499 vero
1058 1435 1160 1500 acidi

209 1537 457 1622 phosphorici
496 1535 784 1621 quantitatem,
818 1543 861 1599 ut
899 1539 1167 1603 Bssnrflobtm·

136 1699 140 1706 .
212 1640 418 1724 comperit,
442 1639 582 1724 lotium
607 1644 714 1702 tenet
739 1639 964 1714 hominum,
989 1635 1170 1706 arthriti-

127 1766 131 1771 ’
212 1743 257 1806 de
281 1743 563 1811 laborantium.
599 1731 853 1814 cr'urrsrrss
877 1743 955 1828 ejus
986 1745 1076 1808 salis
1108 1767 1172 1810 co-

216 1846 323 1930 piam
344 1845 494 1908 insano
518 1837 676 1908 ho'mine
696 1843 745 1907 ad
772 1845 1089 1930 1s200.aestimat
1110 1844 1169 1932 d).

255 1988 297 2074 b)
325 1989 427 2051 Inest
458 1992 658 2068 praeterea
690 1980 825 2049 urinae
856 1987 1055 2069 triplex
1094 1988 1172 2052 sal

212 2091 610 2176 phospho'ricuss
642 2091 841 2173 magnesia
878 2091 1139 2174 phosphorica
1158 2134 1169 2164 ,

212 2200 369 2258 natrum
391 2198 428 2256 et
445 2191 684 2256 ammonium
705 2193 1018 2275 phosphoricum.
1096 2257 1100 2270 ,

255 2337 297 2424 o)
319 2335 424 2400 Vidit
443 2335 614 2409 Psousr,
628 2334 777 2419 aliquas
797 2336 937 2418 deponi
958 2339 1172 2422 crystallus,

213 2440 281 2502 ubi
313 2438 427 2502 urina
465 2455 532 2518 per
562 2435 711 2520 longius
747 2437 973 2500 adservatur
995 2443 1170 2522 tompus,

219 2559 314 2624 quae
333 2539 490 2603 calcis
521 2539 811 2621 carbonicae
832 2540 978 2602 habent
1001 2541 1170 2624 qualita-

213 2645 269 2704 tes
303 2643 366 2726 e),
397 2641 494 2726 quod
526 2643 681 2726 quidem
717 2642 906 2726 peculiare
937 2663 982 2742 px
1013 2661 1056 2705 eo
1095 2648 1171 2717 est,

198 2757 298 2808 ‘cum
319 2742 469 2807 acidum
490 2744 792 2828 phosphoricum
811 2744 978 2810 liberum
998 2743 1110 2826 adsit.

254 2886 301 2974 d)
321 2887 393 2951 Ubi
415 2888 527 2952 urina
545 2888 743 2954 moderato
765 2891 891 2954 calore
914 2883 1173 2975 inspissatur,

216 2995 391 3082 crystalli
426 2995 652 3061 obtinentur
682 2999 811 3080 'salis
844 2996 1102 3062 culinaris
1133 3005 1174 3063 et

185 3098 775 3165 ·ammoniimuria.tioi.
797 3101 1009 3165 Estautem
1033 3102 1073 3166 id
1092 3103 1172 3168 sin·

128 3275 134 3286 ⁸
210 3201 365 3285 gulare,
384 3202 484 3280 quod
502 3201 545 3262 bi
564 3201 661 3266 sales
683 3203 880 3272 contraria
909 3205 1061 3268 ratione
1084 3223 1172 3290 cry-

184 3302 488 3366 ‘stallisenturs
520 3303 704 3368 culinaris
733 3303 960 3380 octaedras,
983 3309 1172 3394 ammoni·

120 3412 129 3418 '
209 3423 301 3468 acus
324 3403 475 3482 ,cubicas
493 3407 637 3470 formet
657 3409 871 3490 crystallus.
894 3410 1172 3490 Compsrerunt

130 3587 136 3598 ⁵
209 3512 340 3570 autem
362 3503 569 3588 Eouncuor
592 3513 630 3570 et
649 3509 874 3600 Vnupuesrr
898 3511 1173 3594 crystallorum

213 3627 297 3675 eam
330 3611 697 3676 transmutationem
733 3614 926 3696 principio
955 3601 1172 3696 uricosesse

216 3707 465 3778 tribuendam
482 3710 534 3796 f).

131 3903 138 3912 .
256 3853 291 3931 e)
321 3853 446 3917 Mittit
467 3875 577 3938 saepe
600 3855 727 3920 recens
753 3857 918 3920 emnissa
937 3857 1051 3920 urlna
1064 3899 1075 3931 ‚
1106 3851 1176 3917 ubi
1297 3875 1324 3897 ·=

128 4001 159 4016 .,
210 3956 495 4040 refrigeratur,
527 3961 784 4046 sedimentum
817 3961 982 4024 lateritil
1011 3957 1173 4036 coloris,
1286 3990 1287 3994 ¹

208 4060 341 4146 quod,
374 4065 418 4124 ut
458 4061 636 4126 Scrsrss
673 4063 818 4143 primus
851 4059 1041 4134 ostendit,
1066 4059 1171 4124 haud

131 4229 136 4248 ι
211 4164 318 4228 aliud
358 4171 444 4237 est,
478 4163 593 4249 quam
627 4167 931 4252 crystallisatum
972 4161 1173 4224 acidum

74 4253 77 4262 ’
135 4308 141 4318 -
212 4267 754 4351 strictimnlitbicum,
783 4269 885 4330 calce
910 4265 1181 4350 phosphorice.
1218 4261 1220 4267 ’
