2898 4992
230 360 234 370 ’
264 345 358 456 ’,ςοο
400 373 487 441 Lrs.
504 376 533 441 Ι.
555 325 645 441 tar.
662 373 758 444 v111.
778 377 838 443 Dr
861 391 1021 464 canorus
1046 385 1234 450 oneaurer

294 517 412 602 334·);
438 509 667 587 observatio·
694 543 759 598 ee,
782 541 857 608 qua
887 521 1056 603 constat,
1086 527 1261 590 animalia
1281 539 1319 590 eo

293 622 545 689 intensiorem
565 627 717 694 habere,
730 627 980 710 temperiem,
1003 647 1076 715 quo
1098 617 1319 713 perfectiori»

232 725 236 730 ’
293 722 364 794 bus
384 729 551 812 gaudent
569 731 818 814 pulmonibus
826 731 1049 818 ,ipsumque
1069 713 1227 798 calorem
1249 731 1321 796 ani·

294 833 436 896 malem
456 834 710 920 tantomagis
730 835 901 909 intendi,
917 843 1058 919 quanto
1077 839 1230 902 celerius
1251 838 1320 919 spi·

293 937 394 1002 ritus
432 937 585 1002 ducitur
608 978 619 1014 ‚
640 928 687 1002 'et
718 939 783 1002 air
820 922 1037 1018 adspiratus
1069 933 1249 1026 ox‘ygenio
1276 941 1324 1002 est

294 1039 438 1134 ditior3
458 1039 623 1125 denique
645 1039 830 1122 comperit
853 1041 1073 1104 csswrorn
1084 1086 1096 1118 ,
1118 1043 1321 1106 absolutum

295 1143 463 1208 calorem
482 1141 669 1225 majorem
688 1163 765 1206 esse
787 1141 830 1205 in
849 1140 1034 1208 arterioso
1058 1143 1172 1230 q'uam
1195 1143 1233 1208 in
1262 1164 1318 1206 ve·

290 1243 615 1332 noso'sanguine,
638 1246 752 1322 adeo,
774 1251 817 1310 ut
838 1267 874 1310 a.
898 1246 946 1310 ad
976 1269 1013 1312 v.
1043 1269 1081 1312 se
1109 1248 1262 1320 habeat,
1282 1247 1320 1306 ut

295 1369 331 1416 ιι
355 1351 433 1438 isra
454 1367 493 1412 ro
509 1352 568 1435 g).
597 1348 678 1412 Etsi
702 1347 821 1434 igitur
833 1347 1116 1428 ''concedamus,
1134 1347 1320 1432 praecipu·

291 1472 357 1516 um
390 1452 528 1517 caloris
551 1453 700 1518 fontem
733 1451 774 1515 in
805 1449 1054 1534 respiratorio
1081 1450 1323 1538 quaerendum

162 1565 174 1590 ‘
292 1576 369 1619 esse
386 1574 561 1640 processu
586 1555 636 1640 (ς.
661 1558 778 1638 gun),
796 1575 872 1620 non
894 1561 1025 1646 tamen
1054 1557 1156 1622 solos
1184 1557 1322 1640 pulmo·
1380 1585 1382 1590 ·

289 1681 356 1725 nes
390 1679 459 1744 pro
493 1659 630 1744 caloris
657 1657 820 1724 officina
849 1656 993 1723 habere
1024 1679 1235 1742 possumus.
1263 1659 1320 1720 Et·

287 1759 400 1832 'enim
423 1784 567 1850 organa
588 1785 632 1827 ea
654 1781 897 1850 nequequam
924 1762 1047 1854 magis
1071 1763 1197 1827 celent
1219 1779 1322 1846 quem

286 1867 463 1952 'reliquae
495 1866 662 1948 corporis
692 1871 851 1950 partes,
882 1865 962 1927 imo
1001 1871 1157 1930 constat
1187 1861 1319 1946 experi-

289 1972 460 2047 mentis,
479 1968 679 2033 thoracem
700 1966 826 2030 minus
857 1967 980 2030 calere
1008 1987 1124 2052 quum
1145 1967 1323 2032 abdomen

291 2071 356 2154 (ς.
384 2069 519 2153 407.);
541 2070 623 2153 ipsa
650 2060 851 2154 praeterea
872 2070 1053 2164 oxygonii
1083 2071 1214 2156 copie,
1238 2084 1323 2153 quae

290 2175 398 2240 intra
419 2175 725 2270 nychthemeron
746 2175 985 2240 consumitur
1010 2171 1320 2257 (§·334·1V·11¹·)r

290 2277 401 2338 tanta
430 2275 536 2340 haud
568 2281 645 2354 est,
667 2283 711 2341 ut
741 2273 1051 2362 corporis-totius
1083 2277 1246 2338 calorem
1265 2288 1319 2354 ge·

289 2393 425 2443 nerare
456 2387 494 2446 et
515 2401 741 2450 conservare,
767 2377 884 2464 possit
896 2423 909 2456 ,
930 2397 972 2441 eo
1000 2375 1157 2464 quidem
1179 2376 1323 2444 minus,

290 2483 482 2570 siquidem
501 2483 604 2550 tanti
624 2503 783 2567 vapores
803 2503 871 2566 per
891 2485 1015 2546 cutem
1045 2483 1096 2565 (§·
1120 2481 1227 2568 358.)‚
1247 2493 1323 2561 per·

290 2573 364 2674 'que
397 2589 598 2672 pulmones
637 2589 740 2672 ipsos
772 2587 953 2652 continuo
992 2585 1265 2654 eliminentur,
1289 2581 1321 2644 et

289 2682 356 2757 aii'r
379 2710 528 2778 quoque
551 2691 717 2756 calidior
736 2691 942 2776 respiretur
960 2693 1010 2774 (§.
1028 2699 1103 2770 334.
1117 2689 1145 2753 Ι.
1164 2687 1241 2771 11.).
1261 2681 1318 2747 His

288 2794 453 2881 denique
475 2793 565 2860 eddi
583 2799 735 2878 potest,
753 2793 855 2880 quod
882 2791 1064 2880 oxygonii
1095 2785 1318 2855 connubium

287 2897 741 2984 cumlinssammabilibus
759 2895 958 2984 sanguinis
973 2893 1193 2978 principiis,
1206 2897 1242 2956 et
1253 2887 1320 2953 eci·

287 2995 329 3065 di
350 3001 547 3067 carbonici
579 3002 726 3086 genesis
748 3000 832 3092 'nop
859 3002 951 3086 ipsis
977 2998 1091 3064 modo
1114 3000 1155 3064 in
1179 2997 1318 3081 pulmo·

285 3101 401 3167 nibus
414 3101 568 3180 ,verum
590 3104 632 3167 in
650 3105 828 3168 universo
852 3103 980 3186 potius
1000 3101 1230 3183 contingant
1247 3115 1319 3160 cor·

287 3223 379 3288 pore
399 3199 450 3288 (t.
472 3203 547 3285 336.
568 3226 606 3269 n.
629 3207 692 3292 1.).
715 3203 786 3268 Nec
806 3204 931 3268 minus
955 3203 1089 3288 gravia
1112 3203 1191 3266 alis
1217 3201 1318 3284 plura

286 3313 378 3374 sunt
396 3297 658 3394 uargumenta,
678 3331 774 3396 quae
804 3309 879 3378 viri
911 3297 991 3376 cell.
1018 3311 1316 3376 Crawfordiauae

282 3413 510 3506 'objecerunt
534 3415 708 3480 theoriae
729 3413 794 3500 h).

371 3557 401 3620 A
428 3554 720 3624 Crawfordiane
745 3555 927 3631 'doctrina
956 3576 1001 3620 ea
1028 3552 1182 3634 differt,
1212 3567 1314 3638 quem

289 3657 359 3723 cel.
377 3657 553 3721 Braums
573 3660 796 3742 proposuit3
815 3659 952 3724 statuit
982 3658 1147 3744 quippe,
1176 3653 1316 3744 phlogi-

286 3755 427 3822 sti'cum
448 3777 533 3820 eum
552 3779 790 3841 processum,
816 3781 887 3847 quo
918 3763 1019 3824 calor
1050 3751 1234 3826 animalis
1261 3773 1316 3838 ge·

285 3864 468 3940 necetur,
485 3859 526 3923 in
549 3863 631 3944 ipsa
645 3863 826 3948 organice
837 3845 997 3928 materie
1009 3913 1020 3939 ,
1033 3864 1073 3928 in
1094 3859 1318 3928 arteriarum

287 3968 325 4024 et
346 3983 532 4027 venerum
566 3967 739 4030 accidere
772 3967 949 4031 confiniis
985 3967 1029 4053 i).
1057 3969 1099 4031 In
1133 3966 1235 4029 vasis
1264 3979 1322 4022 ca*

285 4061 491 4146 pillaribus
514 4067 738 4151 sanguinem
758 4070 962 4152 praecipue
985 4068 1167 4156 oxydari,
1198 4055 1236 4129 et
1264 4083 1318 4125 ca·

285 4162 408 4230 iorem
439 4167 528 4232 inde
557 4171 731 4254 generari
760 4171 822 4234 Fr,
850 4175 1144 4238 Hrcnrsnnnnr
1173 4166 1316 4234 docuit,

287 4279 493 4346 nervorum
516 4274 633 4338 simul
650 4271 842 4357 potestati
862 4277 1028 4343 multum
1054 4276 1231 4342 tribuens
1260 4269 1315 4353 Β),
