2912 5000
270 393 377 458 Saos.
395 390 426 461 1.
439 391 498 457 Da
511 404 827 476 secreverimus
845 407 1099 464 annonariis.
1162 417 1221 482 31¹

160 531 380 600 'thomices
415 537 453 595 et
484 531 707 618 dynamicas
740 533 948 618 qualitates
979 543 1129 602 mutare
1156 558 1223 602 ne·

186 636 348 702 cessario
384 634 557 713 debent,
588 637 779 724 siquidem
813 639 923 701 nulla
951 639 1001 704 sit
1029 641 1226 722 possibilie

185 741 268 804 sine
288 738 433 802 virium
453 737 634 802 conflictu
659 738 760 801 actio
793 740 846 824 (9·
869 739 1000 825 7-8·)·
1033 743 1133 804 Haec
1157 760 1225 807 eu·

183 849 263 908 tem
286 843 472 908 materiae
495 840 734 904 adventitiae
752 847 791 903 et
815 842 1030 924 inquilinae
1054 845 1223 910 mutatio

183 949 287 1031 nihil
310 953 367 1012 est
389 945 643 1028 atiud‚quem
664 947 985 1033 metamorphosis
1007 947 1140 1014 vitalis
1161 967 1227 1014 seu

182 1050 359 1112 secretio.
381 1050 597 1128 Transeunt
620 1065 756 1130 nempe
777 1047 926 1112 formae
944 1047 1092 1116 solidae
1106 1050 1157 1117 in
1176 1052 1226 1115 li·

185 1152 343 1237 quidas,
365 1151 438 1214 hae
465 1151 508 1212 in
540 1151 790 1225 airisormee,
819 1151 882 1214 vel
910 1151 1102 1235 contingit
1135 1171 1225 1218 eon·

179 1254 367 1324 tretium,
381 1253 639 1334 proliciuntur
658 1251 897 1316 substantiae
919 1253 1130 1318 amatoriis
1149 1257 1225 1320 mi·

183 1374 256 1420 nus
286 1355 575 1430 differentibus,
609 1373 704 1438 quae
725 1340 783 1417 ‘ad
813 1355 1043 1420 alterutram
1081 1357 1224 1421 chemi-

185 1477 269 1520 cam
299 1458 489 1522 adeedunt
520 1457 791 1542 polaritatem‚
814 1459 876 1521 vel
903 1459 1040 1524 saltem
1072 1461 1224 1545 impon-

114 1623 118 1632 ,
183 1557 375 1626 derabilia
403 1558 477 1642 (ss.
502 1578 532 1642 9.
553 1560 660 1647 234.)
691 1561 942 1642 evolvuntur,
972 1565 1118 1650 quoties
1152 1568 1223 1631 sti-

178 1663 281 1733 muli
310 1663 352 1738 in
384 1663 605 1746 organicam
644 1667 765 1746 agunt
806 1665 1037 1758 materiem
1066 1668 1221 1756 ejusque
1275 1651 1277 1656 ⁵

181 1764 370 1828 suscitant
391 1765 643 1848 reiectionem.
672 1768 799 1850 Agunt
823 1765 866 1830 in
886 1787 925 1834 ee
947 1777 1080 1836 mutuo
1104 1771 1223 1857 liqui·

179 1867 230 1934 da
249 1873 287 1948 et
308 1867 433 1938 solide
455 1869 563 1938 omni
587 1867 628 1934 in
650 1865 766 1958 vitali
786 1885 943 1938 munere
960 1911 971 1946 ,
991 1891 1106 1958 seque
1134 1893 1221 1942 mu·

180 1974 249 2040 tue
274 1974 392 2036 etiam
412 1976 590 2045 mutant,
610 1975 653 2042 ut
683 1967 776 2038 adeo
807 1973 977 2059 analysis
1001 1982 1038 2040 et
1060 1981 1221 2064 synthe-¹

182 2073 236 2137 sis
258 2074 429 2156 partium
450 2072 563 2152 omni·
586 2073 660 2162 sub,
680 2073 832 2140 actione
855 2073 1077 2162 contingere
1109 2075 1222 2148 debe·

181 2184 272 2260 ent,
292 2161 390 2242 'licet
417 2179 516 2256 naec
540 2176 581 2242 in
611 2197 738 2246 sensus
762 2182 912 2248 nostros
942 2180 1047 2251 haud
1067 2203 1221 2270 semper

182 2277 376 2346 incidant.

262 2422 330 2488 His
349 2419 480 2507 itaque
500 2421 700 2504 perpensis
721 2419 835 2486 facile
857 2401 1073 2505 inteiligas,
1093 2399 1220 2486 nntri-

179 2528 336 2592 tionem·
359 2545 427 2610 per
456 2527 686 2593 secretionis
711 2527 891 2596 ,accidere
927 2526 1115 2600 modum,
1146 2545 1220 2612 quo

178 2647 268 2714 pars
299 2630 425 2694 omnis
447 2627 640 2712 ¹specifica
664 2647 731 2693 sua
763 2629 805 2692 in
837 2627 1065 2712 sanguinem
1093 2627 1222 2711 reagit

179 2732 337 2818 energia
365 2731 434 2816 (ις.
458 2741 510 2814 58.
526 2735 583 2798 66.
610 2733 688 2818 79.)
701 2775 712 2808 ,
736 2751 898 2816 eumque
922 2731 980 2794 'sic
1008 2736 1156 2804 mutat,
1175 2736 1219 2796 ut

178 2855 248 2920 pro
280 2841 387 2919 pa'rte
419 2837 551 2920 aliqua
584 2837 735 2918 penitus
766 2835 842 2900 sibi
871 2835 1042 2899 similem
1070 2833 1219 2900 reddat·

100 2999 104 3008 .
178 2940 297 3006 Actio·
319 2939 552 3016 ventriculi,
582 2937 777 3002 intestini*
796 2937 925 3000 tenuis
939 2977 950 3011 ‚
965 2923 1159 3003 rasorum·
1180 2944 1220 3002 et

177 3041 449 3127 glandularum
480 3042 834 3127 lymphaticarum,
854 3046 891 3106 et
912 3038 1034 3108 omnis
1063 3039 1219 3108 adsimi-

175 3145 336 3220 lationis
357 3165 570 3228 processus,
592 3145 757 3232 totidem
778 3149 868 3210 eunt
887 3142 1110 3208 secretionis
1135 3133 1230 3208 me·-¹

176 3247 228 3312 di.
251 3253 377 3334 Agunt
397 3271 490 3317 vasa
512 3247 731 3332 sanguifera
753 3253 790 3312 et
811 3235 1048 3336 seeernentia
1066 3247 1108 3310 in
1128 3267 1216 3312 con*

174 3357 306 3416 tantos
326 3351 526 3429 humores,
547 3357 775 3437 mutantque
811 3372 894 3427 eos,
913 3357 1028 3434 prout
1049 3351 1134 3436 ipse
1156 3354 1216 3416 vi-

177 3455 308 3518 cissim
344 3459 557 3518 mutantur.
592 3450 762 3538 Intelligi
795 3453 887 3522 hinc
917 3459 1067 3538 potest,
1099 3475 1215 3540 quare

173 3557 328 3642 sanguis
339 3557 458 3622 ruber
477 3557 526 3620 in,
541 3557 685 3623 arteria
707 3557 853 3625 diutius
875 3541 1106 3634 adhaerens,
1128 3579 1214 3629 con·
1251 3571 1253 3574 ’

170 3659 335 3726 trariam
357 3661 521 3744 accipiat
534 3659 731 3738 indolem,
752 3679 893 3728 veneso
912 3661 1053 3727 similis
1076 3661 1214 3734 redda-

67 3751 70 3759 ’
173 3769 238 3827 tur
258 3768 307 3850 (ς.
328 3764 548 3850 336.-n.1.).
571 3762 705 3828 Veram
727 3763 979 3828 secretionem
999 3765 1043 3834 in¹
1060 3751 1213 3846 pulmo·
1253 3748 1260 3772 s

172 3866 287 3932 nibus
313 3865 502 3950 accidere,
525 3865 697 3948 superius
731 3865 745 3948 (
755 3872 783 3942 t.
807 3866 903 3952 338.)
927 3866 1007 3944 iam
1029 3856 1212 3938 vidimus,

171 3970 216 4036 In
244 3967 354 4032 fibris
392 3967 671 4034 muscularibus
700 3969 879 4036 subactu
913 3967 1211 4042 contractionis,

171 4077 217 4134 ut
249 4069 326 4134 alio
358 4070 442 4154 loco
481 4089 855 4154 exponemue„vera
890 4068 938 4133 fit
965 4067 1212 4160 secretiffiet

170 4174 365 4258 contingit
388 4175 490 4238 idem
512 4177 552 4240 in
571 4183 779 4260 systemaie
802 4194 980 4271 nervoso,
996 4175 1038 4247 in
1059 4177 1211 4242 cerebro

163 4283 287 4365 'inqua
314 4297 495 4344 sensuum
515 4281 690 4364 organis,
709 4287 754 4345 ut
782 4277 875 4344 adeo
896 4276 1101 4373 nequidem
1126 4275 1211 4350 sens
1330 4367 1332 4370 Ι
