2892 5004
346 325 454 390 sacr.
476 323 503 388 Ι.
524 321 584 388 Dr
606 315 855 388 varrarriur
878 335 1065 390 serron.
1170 325 1213 406 ⁶9

272 469 304 536 ο)
322 465 495 522 uenturi:
513 459 725 538 Elem.'pbys.
753 463 805 530 Vl,
826 483 857 540 p.
884 471 945 540 aaa.
969 489 1003 508 -
1026 463 1211 524 suumn·

234 557 328 618 NUS:
348 555 564 628 Biologisdv.
582 573 612 629 p.
630 555 692 626 386.
708 571 755 628 sq,

271 684 305 760 p)
325 679 589 738 uuuvfflnuusz
605 679 744 758 ιΒὶοΙοςίο
759 679 810 740 lv.
830 699 860 756 p.
878 681 940 748 3⁴⁰·
955 697 1003 760 sq,

610 861 642 932 i·
686 869 760 934 279·

448 1015 931 1104 Succusgastricus.

249 1155 412 1222 Maximi
435 1159 626 1223 momenti
649 1164 708 1222 est
730 1158 907 1222 humor
929 1157 1208 1244 gasti-icus,

160 1262 281 1350 quiin
302 1261 552 1326 interioribus
565 1261 775 1327 ventriculi
791 1261 1030 1348 perietibus,
1046 1264 1204 1328 arteriis

162 1364 367 1450 praecipue
389 1364 685 1442 exhalantibus,
714 1365 951 1446 secernitur,
981 1384 1117 1430 verum
1156 1365 1210 1428 ci·
1305 1451 1309 1456 Δ

156 1470 297 1534 borum
323 1471 575 1532 menstruum.
599 1461 784 1532 Videntur
808 1473 937 1530 autem
970 1468 1097 1550 plures
1129 1468 1211 1548 eius

160 1569 340 1662 humoris
370 1589 447 1632 esse
479 1569 604 1634 fontes
618 1571 762 1650 :saliva
785 1568 925 1654 quippe
945 1568 1138 1658 deglutita
1157 1569 1210 1654 (ς.

45 1719 50 1735 ,
162 1677 261 1756 273.)
275 1718 286 1750 ,
308 1675 510 1738 exhalatus
540 1675 774 1739 arteriarum
799 1671 1028 1766 vasculnosae
1053 1673 1210 1766 'ventri-

125 1818 128 1826 ·
161 1781 239 1842 culi
266 1776 513 1840 membranae
532 1777 582 1860 (ς.
605 1777 711 1864 277.)
725 1795 868 1858 vapor,
895 1781 933 1840 et
965 1795 1097 1842 mucus
1124 1762 1210 1862 erp-'v

158 1859 362 1966 ptularunn¹
383 1879 655 1944 muciferarum
667 1919 678 1956 ,
698 1877 738 1942 in
758 1877 976 1964 oesophago
999 1883 1039 1942 et
1059 1879 1209 1948 ventri·

162 1987 250 2050 culo
278 1985 359 2066 ipso
380 1983 640 2051 haerentium.
662 1981 729 2048 His
749 1979 900 2048 accedit
916 1981 1030 2060 bilis,
1050 1989 1088 2048 et
1109 1983 1206 2048 faci-

158 2090 198 2153 le
224 2089 340 2148 etiam
364 2085 504 2150 humor
523 2083 793 2170 pancre'aticus
806 2103 929 2170 ‚quae
952 2087 995 2150 in
1025 2085 1209 2160 animali.

161 2193 234 2257 bus
261 2189 457 2254 nonnullis
478 2209 545 2272 per
569 2187 788 2254 duodenum
812 2187 853 2252 in
877 2191 1137 2256 ventriculum
1151 2189 1208 2254 fe·

158 2301 300 2361 rantur
325 2293 387 2382 *);
408 2297 488 2358 imo
511 2293 623 2360 docet
643 2295 821 2367 Brcusr,
841 2293 961 2360 bilem
984 2283 1207 2378 hepaticam

160 2405 202 2467 in
229 2403 400 2485 jetunum
420 2403 683 2468 ventriculum
699 2405 918 2465 constanter
940 2400 1034 2464 ferri
1047 2401 1121 2488 ”).
1135 2397 1212 2466 Aa·

160 2511 218 2568 est
250 2505 289 2570 in
323 2505 540 2570 ventriculo
571 2505 851 2570 nonnullorum
885 2501 1142 2578 animalium,
1166 2507 1210 2568 ut

160 2610 294 2672 avium
315 2607 483 2678 maxime
504 2607 674 2691 ostendit
698 2609 856 2674 echinus
876 2605 926 2690 (ς.
947 2607 1069 2692 278.),
1090 2626 1209 2694 appa·
1273 2591 1277 2606 ’

162 2719 271 2776 ratus
299 2711 507 2774 manifeste
536 2711 784 2796 glandulosus
799 2755 810 2792 ,
829 2713 1033 2776 humorem
1065 2711 1205 2795 gastri-

160 2835 247 2878 eum
266 2834 464 2886 secernens
485 2814 529 2900 a)
541 2855 552 2890 ,
566 2819 603 2878 et
618 2819 837 2880 statuerunt
848 2815 975 2896 plures
988 2833 1080 2904 cum¹
1093 2816 1208 2878 Sest-

166 2932 368 2986 tsuznnro
398 2925 593 2993 auctores,
624 2917 885 2982 ventriculum
913 2919 1032 2983 etium
1067 2916 1207 2984 nume·

161 3039 256 3088 uum
275 3020 471 3104 glandulis
495 3019 660 3112 instrui,
681 3039 777 3106 quae
800 3019 904 3084 eirca
938 3019 1121 3104 pylorum
1137 3036 1205 3082 ‹co-

159 3125 292 3210 piosae
312 3123 585 3198 inveniuntur,
605 3123 841 3224 peculiarem
862 3121 1066 3194 humorem
1085 3139 1206 3186 secer·

162 3233 299 3296 nentes
328 3229 390 3312 b).
420 3231 462 3292 ln
489 3226 729 3300 animalibus
753 3225 823 3302 iis,
863 3245 960 3313 quaa
992 3225 1207 3310 composito

157 3333 332 3424 gaudent
352 3332 590 3407 ventriculo,
625 3324 804 3402 humores
838 3331 976 3402 secreti
1005 3329 1208 3404 differunt,

161 3443 281 3522 adeo,
299 3450 343 3508 ut
354 3441 639 3507 ruminantium
650 3427 854 3524 primitres
866 3437 1074 3506 ventriculi
1085 3455 1208 3522 aquo·

158 3565 444 3618 so·mucosum,
468 3549 505 3607 et
523 3543 664 3608 tertius
680 3541 839 3614 nonnisi
850 3561 984 3616 verum
995 3539 1207 3626 gastricum

163 3655 371 3714 secernant
390 3649 607 3716 humorem,

245 3793 311 3856 Est
333 3791 468 3876 itaque
484 3809 614 3854 succus
638 3786 868 3872 gastricus'e
900 3784 1127 3854 memoratis
1158 3783 1208 3848 li·
1258 3821 1261 3830 .

162 3897 291 3985 quidis
318 3901 553 3980 compositus
575 3895 738 3971 humor,
759 3893 825 3977 qui
847 3891 889 3958 in
910 3891 1030 3963 variis
1053 3890 1205 3954 anima·
1260 3941 1262 3948 ,

162 3987 262 4069 lium
282 3985 499 4086 speciebus,
521 4005 558 4064 st
580 3999 724 4083 inipso
743 3997 864 4104 etiam
888 3995 1126 4082 hominepro
1139 4013 1207 4056 va·

160 4109 222 4174 rio
238 4107 517 4172 alimentorum
538 4121 685 4190 genere,
701 4107 739 4166 et
761 4102 928 4166 aliarum
951 4099 1231 4186 circumstant·¹

95 4221 99 4239 ¹
159 4213 307 4288 tiorum
325 4203 690 4292 confilionmariu
714 4205 829 4282 modo
852 4201 998 4274 differt·
1021 4201 1208 4294 Analysis
