2912 5000
237 458 324 554 ‘510
367 443 455 510 er.
477 443 506 514 1.
527 446 616 510 car.
636 445 694 510 lv.
720 445 781 510 Dr
802 457 960 510 suanus.
980 441 1029 511 u'r
1049 461 1213 514 rxcarr.

258 586 491 663 hiliaurina
507 562 1033 670 cctlasanguinedifferunt,
1045 607 1112 652 nec
1126 598 1300 673 unquam
1344 603 1349 612 ·

258 690 301 754 in
323 691 653 773 cureperiuntur,
673 693 717 752 ut
739 689 830 752 adeo
851 707 920 774 pro
939 691 1084 755 eductis
1106 691 1186 776 ejus
1205 691 1298 756 lati-

258 790 313 853 cis
334 792 469 855 haberi
485 791 590 856 haud
612 787 763 876 passini
786 791 840 875 *).

339 935 402 1001 vis
423 943 552 1001 autem
572 935 856 1018 reproductiva,
869 957 965 1024 quae
987 912 1029 1000 in
1050 935 1213 1000 diversis
1234 954 1296 999 or-

256 1041 465 1124 ganismis,
485 1043 600 1127 inque
627 1041 760 1105 eodem
788 1041 909 1103 etiam
940 1037 1144 1112 individuo
1174 1043 1297 1106 variis

179 1141 181 1148 ’
256 1144 299 1208 in
328 1143 529 1226 partibus,
546 1150 583 1207 et
616 1131 768 1219 divsiso
795 1135 1120 1224 tempore'diffart
1149 1140 1220 1224 (§§.
1242 1151 1298 1226 58.

253 1248 355 1333 59.),
373 1247 629 1311 sacrationum
649 1243 775 1310 afficit
794 1242 1073 1318 differentiam,
1099 1261 1213 1328 scopo
1233 1267 1296 1309 or·

253 1348 390 1434 ganico
421 1349 727 1432 respondentem.
761 1349 814 1412 Ea
845 1347 965 1432 igitur
995 1367 1175 1432 corpora,
1200 1369 1297 1435 quaa
1325 1352 1330 1362 '

248 1451 530 1538 simpliciorem
551 1454 697 1517 habent
716 1452 928 1526 fabricam,
951 1470 1046 1534 quae
1069 1453 1217 1517 viribus
1236 1453 1298 1516 in-

253 1558 475 1621 formantur
506 1555 844 1638 simplicioribus,
875 1559 912 1618 at
941 1554 1022 1617 sere
1057 1554 1298 1618 similaribus

255 1668 409 1726 tantum
433 1665 544 1744 egent
565 1657 738 1722 meteriis
751 1697 761 1731 ,
783 1677 924 1739 paucas
946 1657 1062 1720 etiam
1080 1657 1299 1738 producunt

255 1764 442 1830 materias
465 1768 641 1852 secretas.
674 1761 822 1823 Nullibi
851 1765 985 1824 tamen
1014 1762 1175 1825 secretio
1200 1761 1300 1826 dasi-

256 1867 434 1938 deratur,
455 1869 500 1926 ut
531 1864 689 1945 plantae
725 1862 952 1939 ostendunt,
975 1881 1137 1947 quarum
1167 1870 1297 1946 partes

255 1971 430 2034 diversae
448 1965 599 2030 varium
620 1965 766 2028 habent
786 1987 982 2049 saporem,
996 1966 1151 2031 odorem
1171 1973 1209 2030 et
1227 1988 1299 2030 va-

254 2075 357 2140 riam
384 2069 625 2147 efficaciam3
644 2067 818 2132 videmus
852 2069 971 2133 etiam
999 2090 1153 2134 succum
1183 2090 1299 2156 vege-

255 2176 443 2242 tabilium
470 2193 646 2256 processu
674 2173 855 2256 organico
886 2174 927 2238 in
959 2175 1044 2240 olea
1075 2174 1236 2258 pinguia
1259 2181 1298 2240 et

254 2277 462 2350 aetherea,
485 2275 525 2339 in
552 2274 744 2350 resinam,
764 2276 914 2359 gummi
946 2282 1016 2340 etc.
1044 2276 1211 2354 mutari;
1231 2277 1299 2340 ad.

254 2381 345 2441 sunt
366 2381 567 2459 praeterea
595 2377 635 2439 in
664 2378 811 2459 plantis
840 2377 1039 2442 nonnullis
1075 2379 1299 2460 corpuscula

239 2463 492 2565 ¹singulaiia,
515 2479 706 2562 glandulis
729 2481 961 2564 similia,et
989 2480 1205 2564 peculiares
1222 2481 1298 2546 hir·

254 2597 380 2642 moras
403 2581 648 2645 secernentia.
672 2582 921 2646 Desideratus·
938 2586 1068 2646 tamen
1087 2581 1128 2646 iu
1147 2583 1297 2665 plantis

247 2675 294 2743 'et
328 2682 548 2766 neophytis,
572 2684 687 2768 inque
717 2685 953 2750 animalibus
984 2685 1124 2751 infimi*
1147 2689 1296 2755 ordinis

253 2792 387 2851 tantus
417 2801 649 2866 organorum
671 2787 950 2852 secernentium
977 2787 1204 2873 apparatus,
1229 2791 1296 2877 qui

253 2888 296 2954 in
318 2886 578 2972 superioribus
600 2889 831 2954 animalium
862 2889 1067 2968 classibus,
1089 2889 1157 2956 uhi
1184 2913 1298 2978 vegs·

253 2990 399 3054 tativus
422 3011 615 3073 processus
649 2992 762 3079 louge
790 2991 915 3077 magis
946 2998 1003 3057 est
1026 2995 1299 3080 complicitus,

253 3095 457 3178 reperitur.

294 3291 297 3300 t
362 3252 514 3324 *)Ph,F.
534 3252 1148 3330 wanrfluu’srhystotogie.1.§.aaa
1189 3287 1195 3302 ι

709 3453 738 3526 §-
780 3458 874 3532 3492

256 3631 540 3701 Latissime
564 3633 853 3698 dominatur
876 3631 1097 3696 secretio
1120 3630 1170 3694 in
1192 3628 1292 3694 ani·

505 3815 507 3820 ,
577 3735 949 3819 malicorpore.

337 3896 452 3961 Nulla
488 3897 639 3964 iunctio
671 3897 805 3962 vitalis
841 3897 906 3960 vel
946 3893 1108 3981 cogitari
1140 3897 1295 3977 potest,

256 4017 353 4108 quae
382 4020 460 4063 non
487 3999 538 4063 sit
564 3999 745 4073 secretio,
767 3999 830 4063 vel
852 3999 990 4062 saltam
1021 4015 1106 4060 cum
1138 3995 1294 4060 secreti·

255 4122 326 4168 oue
347 4103 498 4168 nonsit
529 4101 746 4184 conjuncta.
778 4099 918 4166 Re'rum
941 4107 1183 4166 externarum
1207 4108 1295 4160 cum

256 4207 437 4289 organico
471 4225 626 4289 corpora
653 4203 854 4270 conflictus
884 4211 922 4270 ct
954 4204 1093 4268 vitales
1124 4200 1297 4276 actiones

260 4309 386 4374 omnis
422 4311 603 4394 generis,
632 4311 818 4376 materias
856 4309 1060 4396 organicas
1089 4305 1294 4392 physicas,
