2922 4996
233 365 298 456 ¹1¹63
338 363 427 430 Lre.
444 358 474 427 i.
492 361 583 426 cur.
602 357 922 426 leonianam.
942 329 1194 424 oronsrroud.

228 505 487 583 admiscetur3
517 500 634 566 diluit
658 499 726 564 ille
745 500 897 584 pultem
921 499 1213 566 alimentariam
1237 509 1278 568 et

227 610 385 680 resolvit
415 607 655 672 substantias
695 605 921 680 crudiores,
950 606 1277 690 quemadmodum

230 715 301 779 elii
318 711 363 777 id
380 711 531 775 faciunt
551 707 667 772 serosi
690 709 872 772 humores
897 707 947 790 (§.
963 725 1036 791 279.
1049 731 1088 775 n.
1112 712 1177 797 r.);
1189 731 1277 774 mu·

230 839 294 884 cus
315 813 551 880 intestinalis
563 853 573 889 ‚
593 811 659 898 qui
677 811 815 876 tubum
841 811 1136 878 alimentarium
1160 814 1279 878 simul

229 921 400 986 lubricet
416 961 426 993 ‚
455 923 493 981 et
521 917 703 980 villosam
733 915 908 979 tunicam
941 936 964 978 a
992 915 1119 979 nimia
1142 922 1274 992 tuetur

229 1023 662 1105 irritatione‚-aquosus
693 1037 778 1082 cum
802 1017 939 1083 oleosis
975 1020 1125 1105 subigit
1155 1021 1280 1104 parti·

228 1125 312 1192 bus.
346 1125 507 1188 Maximi
537 1128 665 1186 autem
706 1121 895 1186 momenti
928 1118 1064 1186 officia
1091 1123 1132 1186 in
1162 1124 1278 1209 chylo

228 1223 403 1308 parando
427 1225 512 1306 ipsa
532 1230 705 1306 praestat
724 1223 816 1288 bilis
839 1219 909 1303 (§§·
931 1241 1005 1304 293.
1024 1223 1134 1305 296.).
1168 1226 1196 1287 E
1223 1225 1280 1286 le·

228 1328 342 1411 gibus
364 1328 518 1411 quidem
550 1327 733 1391 chemicis
764 1326 842 1410 ejus
866 1326 1044 1390 humoris
1075 1327 1201 1400 actio,
1226 1323 1283 1389 si-'

232 1431 389 1518 quidem
429 1437 559 1512 partes
597 1430 678 1513 ejus
715 1428 993 1492 constitutivae
1024 1427 1119 1492 satis
1159 1435 1278 1494 notae

228 1534 392 1600 necdum
412 1535 513 1608 sint,
537 1533 678 1622 exponi
703 1531 831 1620 debite
852 1529 956 1594 haud
976 1536 1131 1614 potesta
1148 1533 1278 1596 obser·

228 1641 409 1704 vationes
428 1645 559 1702 tamen
580 1645 618 1701 et
637 1637 830 1721 pericula,
843 1637 944 1700 hunc
964 1636 1006 1700 in
1028 1635 1145 1700 finem
1168 1661 1190 1702 a
1210 1659 1276 1702 va·

230 1744 310 1810 riis'
337 1742 420 1805 cell.
448 1739 695 1826 physiologis
718 1703 929 1816 idstituta,
954 1741 1157 1826 sequentia
1188 1763 1279 1827 pro·

231 1846 325 1911 bere
341 1844 535 1908 videntur.
704 1926 709 1932 η
808 1861 810 1866 ·
995 1857 1009 1917 Ρ
1172 1839 1175 1844 ’

320 2005 721 2087 1)convertitur
755 2005 962 2090 chymus
987 2004 1037 2070 in
1072 2007 1279 2092 chylum

230 2108 506 2192 praecipue
529 2129 613 2191 per
634 2107 794 2170 bilem
819 2107 1101 2172 admistam.
1123 2111 1278 2175 Etenim

232 2208 421 2272 enima'lia
433 2250 443 2285 ,
466 2230 561 2294 quae
581 2207 701 2272 bilem
720 2210 870 2274 hebent
891 2209 1078 2272 acriorem
1098 2215 1135 2274 et
1155 2209 1279 2294 magis

229 2311 463 2394 perfectam,
493 2319 536 2375 ut
566 2311 607 2374 in
632 2311 759 2374 brutis
793 2310 1007 2375 carnivoris
1038 2316 1119 2388 est,
1150 2313 1280 2376 cibum

230 2415 426 2500 ingestum
448 2416 657 2498 perfectius
678 2410 863 2500 subigunt
882 2435 998 2501 quam
1022 2416 1173 2480 bestiae
1192 2417 1280 2480 her·

98 2566 105 2582 .
230 2516 403 2582 bivorae.
427 2519 549 2582 Multo
573 2519 692 2582 etiam
714 2517 826 2582 citius
848 2519 1157 2604 chylusparatur
1180 2516 1281 2600 apud

234 2641 281 2684 ea
309 2621 520 2695 animalia,
543 2614 639 2706 qua'e
668 2621 817 2706 oystide
844 2621 1012 2706 gaudent
1050 2621 1192 2701 sellea3
1211 2621 1281 2686 ubi

229 2723 355 2807 igitur
375 2727 486 2800 bilis,
509 2723 710 2790 efficacior
732 2727 979 2812 ceteroquin,
996 2725 1143 2810 majore
1162 2745 1281 2810 quen·

231 2828 351 2896 titate
380 2829 629 2894 alimentario
665 2831 823 2896 humori
864 2829 1091 2896 adfunditur
1107 2816 1118 2907 ,Ι
1145 2835 1282 2914 estque

231 2934 360 2998 minus
382 2937 552 3018 perfecta
572 2931 741 3018 digestio
758 2935 801 2998 in
830 2935 1130 3024 mammalibusx,
1151 2933 1284 2997 vesica

231 3039 349 3102 fellea
369 3039 566 3104 destitutis
587 3039 642 3123 (§.
665 3039 774 3124 eon),
794 3042 837 3103 ut
858 3037 954 3102 adeo
974 3039 1015 3106 in
1038 3057 1135 3123 equo
1161 3056 1282 3122 grana

233 3145 412 3208 adsumta
427 3165 496 3227 pro
514 3163 655 3228 magna
674 3152 784 3229 parte
807 3143 1002 3228 indigesta
1030 3141 1201 3209 secedere
1222 3136 1281 3204 vi·
1334 3219 1338 3228 ⁸

234 3245 404 3310 deamus.
460 3245 657 3312 Cernimus
702 3254 904 3332 praeterea
949 3245 1295 3331 chylificationem¹

232 3350 425 3434 protinus
445 3352 688 3434 perturbari,
709 3353 778 3418 ubi
811 3353 904 3418 bilis
936 3353 1122 3427 secretio,
1144 3351 1208 3414 vel
1240 3350 1304 3416 in'

236 3457 374 3520 tubum
397 3457 691 3527 alimentarium
727 3461 893 3524 excretio
916 3458 1149 3541 impeditur,
1168 3461 1207 3520 et
1224 3455 1286 3518 vi·

233 3564 298 3642 get
327 3563 555 3652 eos-secretio
587 3569 672 3627 tum
701 3563 931 3646 praecipue,
954 3562 1022 3626 ubi
1047 3563 1206 3647 chymue
1238 3559 1283 3624 in

233 3662 344 3726 tenui
370 3663 503 3728 existit
525 3665 733 3740 intestino,
754 3685 828 3750 quo
853 3658 1027 3748 tempore
1053 3671 1092 3730 et
1112 3664 1284 3750 cystiuus

235 3761 463 3830 adfunditur
483 3768 634 3833 humor.
665 3765 839 3854 Denique
871 3767 1017 3832 accidit
1037 3766 1144 3851 chyli
1173 3785 1284 3848 sepa·

234 3869 361 3945 ratio,
396 3869 463 3933 ubi
493 3872 726 3970 chymo‚,ox
750 3869 939 3934 intestino
971 3889 1072 3934 nunc
1097 3867 1286 3934 trucidati

235 3971 419 4035 animalis
463 3979 644 4048 exemto,
674 3971 766 4036 bilis
795 3971 982 4047 additur,
1010 3978 1142 4058 estque
1169 3976 1283 4036 tante.

234 4071 350 4154 hujus
375 4073 456 4148 vis,
481 4077 524 4136 ut
547 4073 588 4136 in
608 4079 874 4157 temperatura
895 4076 1017 4140 etiam
1046 4074 1229 4141 inferiore
1250 4073 1284 4136 is

233 4183 417 4261 sequatur
445 4195 641 4256 secessus,
673 4182 785 4245 tanto
825 4179 984 4266 quidem
1020 4179 1179 4268 magis,
1206 4177 1278 4244 ubi
