2912 5000
296 392 359 468 aaa
400 363 487 454 Lis.
508 383 536 449 1.
557 385 645 450 cur.
668 384 727 452 IV.
747 388 805 452 Dr
831 401 974 491 suasus-r
998 379 1047 456 r'r
1071 403 1232 461 uxcnur.

744 540 774 613 §-
817 551 892 618 375·

563 719 807 804 Analysis
840 691 1076 787 chemino.

357 881 742 960 ¹Fueruntnaturae
779 877 1007 981 scrutatores
1049 883 1242 970 plurimi,
1274 887 1343 975 qui

296 993 386 1072 post
414 987 694 1050 Hntmourlum'
715 985 869 1049 urinam
898 981 1070 1050 chemico
1096 985 1341 1068 subjecerunt

195 1084 200 1100 ⁸
299 1089 541 1170 tentamiui3
571 1111 639 1152 nec
678 1086 799 1176 facile¹
832 1085 912 1153 alia
952 1091 1120 1174 corporis
1155 1073 1364 1154 animalis*

163 1208 172 1230 ‘
296 1177 513 1268 substantia
530 1197 642 1258 tanta
661 1193 743 1256 cell.
763 1189 1022 1257 chemicorum
1044 1193 1236 1256 industria
1256 1213 1340 1275 per.

295 1297 490 1381 vestigata
522 1301 579 1360 est
609 1290 651 1358 ac
687 1295 813 1377 ipsum
845 1295 1067 1382 lotiumf).
1097 1291 1341 1377 ¹Praecipuae

299 1405 427 1464 autem
451 1403 488 1462 et
508 1396 783 1462 constantiores
804 1396 940 1458 urinae
963 1395 1049 1458 sani
1069 1399 1106 1480 ‚et
1125 1395 1251 1460 adulti
1270 1397 1340 1462 ho-

295 1502 421 1584 minis
439 1500 714 1566 constitutivas
734 1503 863 1582 partes
885 1503 1082 1584 sequentes
1109 1503 1209 1562 sunt.

383 1659 419 1742 ι)
439 1657 646 1732 Constituit
677 1677 804 1742 aqua
825 1655 1131 1722 substantiarum
1155 1659 1197 1722 in
1224 1660 1340 1724 urina

297 1768 567 1826 contentarum
588 1767 848 1839 menstruum,
871 1781 966 1846 quae
986 1765 1117 1824 tamen
1139 1763 1339 1828 ammonio

297 1866 586 1947 impraegnata,
604 1868 641 1927 et
663 1882 858 1947 nunquam
887 1884 983 1947 pura
1003 1857 1069 1946 p'er
1095 1861 1335 1951 destillatio·

293 1986 387 2054 „nem
424 1964 649 2054 obtinetur,
676 1965 868 2052 siquidem
906 1967 1143 2052 principium
1187 1967 1339 2032 uricum

295 2090 363 2156 per
386 2087 505 2152 aquae
523 2069 724 2134 bullientis
747 2071 915 2136 colorem
946 2072 1239 2154 decomponitur
1261 2076 1338 2158 ¹³¹¹).

298 2167 440 2238 Differt
470 2171 580 2256 copia
619 2174 697 2256 ejus
729 2195 797 2262 pro
835 2176 1000 2240 aliarum
1029 2177 1339 2244 substantiarum

294 2276 478 2370 ratione,
495 2297 591 2362 quae
609 2283 720 2342 tante
739 2297 1015 2364 nonnunquam
1044 2277 1184 2350 adsunt
1213 2299 1337 2366 quan*
1438 2339 1439 2366 ,

296 2377 434 2454 titate,
458 2385 522 2454 ut,
557 2379 597 2444 in
628 2381 775 2446 calente
815 2381 934 2450 etiam
973 2372 1159 2457 humore,
1186 2383 1337 2445 solutae

173 2469 179 2482 ’
296 2483 421 2548 teneri
446 2505 524 2548 non
556 2488 728 2568 possint,
749 2485 890 2552 lotium
923 2485 1086 2550 reddant
1112 2487 1336 2567 turbidum,

295 2588 622 2674 praecipitentur,
642 2587 755 2674 inqua
777 2588 978 2676 crystallos
1002 2587 1228 2654 formentur.

377 2757 428 2851 2>
451 2743 630 2821 Continet
659 2755 771 2822 urina
804 2758 1094 2844 gelatinam
1126 2761 1165 2820 et
1198 2753 1336 2819 alhu-
1371 2805 1378 2821 ,
1438 2767 1439 2844 J

296 2876 402 2923 man
413 2903 426 2937 ,
449 2863 792 2943 quae,ut·srec1r
823 2862 970 2955 primus
996 2859 1159 2938 docuit,
1179 2880 1246 2942 per
1276 2865 1337 2923 ta·
1438 2873 1439 2880 ’

292 2965 433 3031 'ninum
454 2966 771 3057 praecipitantur.
804 2970 900 3032 Sanc
919 2973 1050 3031 tamen
1079 2969 1120 3032 in
1150 2971 1253 3031 statu
1276 2965 1335 3027 al·
1438 2965 1439 3020 ἶ

293 3069 437 3136 humen
457 3071 609 3155 penitus
630 3072 760 3137 abesse
780 3071 954 3148 videtur,
973 3077 1011 3134 et
1029 3071 1200 3156 gelatina
1223 3091 1334 3154 prae·

229 3237 231 3242 .
294 3172 399 3241 dioto
420 3176 534 3240 modo
554 3177 812 3260 praecipitate
825 3221 836 3252 ,
858 3177 1032 3242 cruiks
1047 3175 1229 3240 hankii
1253 3178 1333 3239 cel·

294 3275 378 3338 culo
407 3278 516 3358 lssto.
535 3279 715 3359 ponderis
736 3280 857 3344 totius
878 3279 1012 3342 urinae
1034 3285 1185 3362 partem
1215 3279 1335 3342 efficit

295 3375 352 3462 a).
385 3380 428 3442 In
449 3385 552 3444 statu
578 3383 775 3458 morboso,
798 3386 902 3447 laese
932 3383 1156 3467 cumprimis
1176 3379 1335 3466 digesti·

294 3495 388 3554 one,
408 3483 613 3568 utrumque
637 3485 677 3548 id
698 3485 934 3568 principium
957 3487 999 3551 in
1027 3486 1125 3552 lotio
1148 3493 1331 3570 augetur,

293 3591 424 3670 estque
445 3592 557 3656 tanta
583 3590 625 3653 in
653 3589 954 3676 hydropicorum
977 3593 1089 3655 urina
1119 3589 1332 3656 albuminis

295 3689 513 3774 quantitas,
538 3698 583 3755 ut
604 3697 708 3759 totus
740 3694 880 3758 humor
911 3695 958 3757 ab
982 3694 1102 3759 acidis
1127 3693 1332 3768 admistis,

294 3798 391 3878 aqua
412 3793 535 3859 calore
553 3795 726 3860 fervente
747 3803 905 3882 cogatur
924 3799 986 3882 h).

187 3952 196 3976 ‘
280 3987 284 3990 ·
371 3957 413 4036 3)
432 3954 685 4019 Inveniuntur
706 3956 746 4020 in
774 3956 880 4028 lotio.
900 3959 1034 4024 salec
1066 3957 1233 4035 diversi,
1262 3962 1330 4043 qui

289 4056 399 4120 vario
418 4063 589 4143 tempore
608 4065 645 4122 et
662 4060 821 4125 diversis
843 4063 911 4125 sub
934 4063 1240 4146 circumstantiis
1262 4085 1330 4126 va-

289 4157 349 4222 ria
376 4157 517 4238 adsunt
545 4146 817 4248 proportione,
852 4183 1014 4260 quorum
1045 4165 1243 4260 praecipui
1271 4185 1330 4230 sa·

290 4265 448 4350 quantes
469 4265 586 4324 sunt:
1094 4262 1112 4298 N
1216 4267 1221 4274 ‘
