<?xml version="1.0" encoding="UTF-8"?>
<!DOCTYPE html PUBLIC "-//W3C//DTD XHTML 1.0 Transitional//EN"
    "http://www.w3.org/TR/xhtml1/DTD/xhtml1-transitional.dtd">
<html xmlns="http://www.w3.org/1999/xhtml" xml:lang="en" lang="en">
 <head>
  <title>
</title>
<meta http-equiv="Content-Type" content="text/html;charset=utf-8" />
  <meta name='ocr-system' content='tesseract 3.04.00' />
  <meta name='ocr-capabilities' content='ocr_page ocr_carea ocr_par ocr_line ocrx_word'/>
</head>
<body>
  <div class='ocr_page' id='page_1' title='image "./physiologiamedi03lenhgoog_0357.png"; bbox 0 0 2912 5000; ppageno 0'>
   <div class='ocr_carea' id='block_1_1' title="bbox 286 367 1260 464">
    <p class='ocr_par' dir='ltr' id='par_1_1' title="bbox 286 367 1260 464">
     <span class='ocr_line' id='line_1_1' title="bbox 286 367 1260 464; baseline -0.005 -25"><span class='ocrx_word' id='word_1_1' title='bbox 286 389 354 455; x_wconf 77' lang='lat'><strong>370</strong></span> <span class='ocrx_word' id='word_1_2' title='bbox 417 372 504 464; x_wconf 70' lang='lat' dir='ltr'><strong>Lrs.</strong></span> <span class='ocrx_word' id='word_1_3' title='bbox 524 367 551 431; x_wconf 88' lang='lat'><strong>1.</strong></span> <span class='ocrx_word' id='word_1_4' title='bbox 581 367 673 431; x_wconf 73' lang='lat' dir='ltr'><strong>cnr.</strong></span> <span class='ocrx_word' id='word_1_5' title='bbox 686 367 747 434; x_wconf 85' lang='lat' dir='ltr'><strong>lv.</strong></span> <span class='ocrx_word' id='word_1_6' title='bbox 767 367 827 430; x_wconf 79' lang='lat' dir='ltr'><strong>Dc</strong></span> <span class='ocrx_word' id='word_1_7' title='bbox 851 379 1010 432; x_wconf 75' lang='lat' dir='ltr'><strong>sacres.</strong></span> <span class='ocrx_word' id='word_1_8' title='bbox 1029 383 1079 434; x_wconf 80' lang='lat' dir='ltr'><strong>rr</strong></span> <span class='ocrx_word' id='word_1_9' title='bbox 1098 383 1260 436; x_wconf 74' lang='lat' dir='ltr'><strong>rxcsrr.</strong></span> 
     </span>
    </p>
   </div>
   <div class='ocr_carea' id='block_1_2' title="bbox 229 508 1339 1008">
    <p class='ocr_par' dir='ltr' id='par_1_2' title="bbox 229 508 1339 1008">
     <span class='ocr_line' id='line_1_2' title="bbox 282 508 1339 598; baseline -0.001 -18"><span class='ocrx_word' id='word_1_10' title='bbox 282 523 452 598; x_wconf 24' lang='lat' dir='ltr'><strong>¹uter-um</strong></span> <span class='ocrx_word' id='word_1_11' title='bbox 484 511 669 578; x_wconf 87' lang='lat' dir='ltr'><strong>involvit.</strong></span> <span class='ocrx_word' id='word_1_12' title='bbox 710 508 838 574; x_wconf 86' lang='lat' dir='ltr'><strong>Media</strong></span> <span class='ocrx_word' id='word_1_13' title='bbox 861 516 992 574; x_wconf 88' lang='lat' dir='ltr'><strong>autem</strong></span> <span class='ocrx_word' id='word_1_14' title='bbox 1019 518 1058 576; x_wconf 91' lang='lat' dir='ltr'><strong>et</strong></span> <span class='ocrx_word' id='word_1_15' title='bbox 1089 514 1170 577; x_wconf 83' lang='lat' dir='ltr'><strong>ima</strong></span> <span class='ocrx_word' id='word_1_16' title='bbox 1196 514 1339 579; x_wconf 87' lang='lat' dir='ltr'><strong>vesicae</strong></span> 
     </span>
     <span class='ocr_line' id='line_1_3' title="bbox 229 614 1336 705; baseline -0.002 -21"><span class='ocrx_word' id='word_1_17' title='bbox 229 643 233 650; x_wconf 89' lang='lat'><strong>·</strong></span> <span class='ocrx_word' id='word_1_18' title='bbox 294 643 383 705; x_wconf 82' lang='lat' dir='ltr'><strong>parc</strong></span> <span class='ocrx_word' id='word_1_19' title='bbox 405 618 508 683; x_wconf 90' lang='lat' dir='ltr'><strong>nuda</strong></span> <span class='ocrx_word' id='word_1_20' title='bbox 529 621 679 686; x_wconf 84' lang='lat' dir='ltr'><strong>manet,</strong></span> <span class='ocrx_word' id='word_1_21' title='bbox 700 617 857 699; x_wconf 89' lang='lat' dir='ltr'><strong>solaque</strong></span> <span class='ocrx_word' id='word_1_22' title='bbox 879 614 1039 697; x_wconf 89' lang='lat' dir='ltr'><strong>adiposa</strong></span> <span class='ocrx_word' id='word_1_23' title='bbox 1061 619 1138 680; x_wconf 90' lang='lat' dir='ltr'><strong>tela</strong></span> <span class='ocrx_word' id='word_1_24' title='bbox 1171 620 1336 702; x_wconf 84' lang='lat' dir='ltr'><strong>contegi·</strong></span> 
     </span>
     <span class='ocr_line' id='line_1_4' title="bbox 298 717 1337 804; baseline -0.004 -17"><span class='ocrx_word' id='word_1_25' title='bbox 298 732 385 797; x_wconf 91' lang='lat' dir='ltr'><strong>tur,</strong></span> <span class='ocrx_word' id='word_1_26' title='bbox 407 730 451 786; x_wconf 92' lang='lat' dir='ltr'><strong>ut</strong></span> <span class='ocrx_word' id='word_1_27' title='bbox 476 720 570 782; x_wconf 88' lang='lat' dir='ltr'><strong>adeo</strong></span> <span class='ocrx_word' id='word_1_28' title='bbox 588 719 778 799; x_wconf 86' lang='lat' dir='ltr'><strong>repletum</strong></span> <span class='ocrx_word' id='word_1_29' title='bbox 800 723 839 779; x_wconf 90' lang='lat' dir='ltr'><strong>et</strong></span> <span class='ocrx_word' id='word_1_30' title='bbox 857 717 1081 804; x_wconf 81' lang='lat' dir='ltr'>prominens</span> <span class='ocrx_word' id='word_1_31' title='bbox 1110 739 1228 801; x_wconf 87' lang='lat' dir='ltr'><strong>supra</strong></span> <span class='ocrx_word' id='word_1_32' title='bbox 1258 741 1337 784; x_wconf 90' lang='lat' dir='ltr'><strong>ossa</strong></span> 
     </span>
     <span class='ocr_line' id='line_1_5' title="bbox 297 819 1339 909; baseline -0.005 -20"><span class='ocrx_word' id='word_1_33' title='bbox 297 826 410 909; x_wconf 84' lang='lat' dir='ltr'><strong>pubis</strong></span> <span class='ocrx_word' id='word_1_34' title='bbox 443 824 534 886; x_wconf 90' lang='lat' dir='ltr'><strong>lotii</strong></span> <span class='ocrx_word' id='word_1_35' title='bbox 568 819 882 900; x_wconf 81' lang='lat' dir='ltr'><strong>conceptaculum</strong></span> <span class='ocrx_word' id='word_1_36' title='bbox 912 820 996 883; x_wconf 91' lang='lat' dir='ltr'><strong>sine</strong></span> <span class='ocrx_word' id='word_1_37' title='bbox 1025 821 1242 902; x_wconf 84' lang='lat' dir='ltr'><strong>peritonaei</strong></span> <span class='ocrx_word' id='word_1_38' title='bbox 1268 825 1339 885; x_wconf 84' lang='lat' dir='ltr'><strong>lae·</strong></span> 
     </span>
     <span class='ocr_line' id='line_1_6' title="bbox 298 924 1336 1008; baseline -0.004 -17"><span class='ocrx_word' id='word_1_39' title='bbox 298 929 426 999; x_wconf 87' lang='lat' dir='ltr'><strong>sione,</strong></span> <span class='ocrx_word' id='word_1_40' title='bbox 447 927 489 988; x_wconf 92' lang='lat' dir='ltr'><strong>in</strong></span> <span class='ocrx_word' id='word_1_41' title='bbox 508 925 728 986; x_wconf 85' lang='lat' dir='ltr'><strong>infantibus</strong></span> <span class='ocrx_word' id='word_1_42' title='bbox 745 924 970 1005; x_wconf 81' lang='lat' dir='ltr'><strong>praecipue,</strong></span> <span class='ocrx_word' id='word_1_43' title='bbox 990 927 1181 1008; x_wconf 88' lang='lat' dir='ltr'><strong>perpungi</strong></span> <span class='ocrx_word' id='word_1_44' title='bbox 1210 925 1336 1007; x_wconf 87' lang='lat' dir='ltr'><strong>possit.</strong></span> 
     </span>
    </p>
   </div>
   <div class='ocr_carea' id='block_1_3' title="bbox 155 1025 1340 1525">
    <p class='ocr_par' dir='ltr' id='par_1_3' title="bbox 297 1025 1338 1212">
     <span class='ocr_line' id='line_1_7' title="bbox 299 1025 1335 1114; baseline -0.003 -20"><span class='ocrx_word' id='word_1_45' title='bbox 299 1031 499 1114; x_wconf 85' lang='lat' dir='ltr'><strong>Capacitas</strong></span> <span class='ocrx_word' id='word_1_46' title='bbox 516 1027 667 1090; x_wconf 85' lang='lat' dir='ltr'><strong>vesicae</strong></span> <span class='ocrx_word' id='word_1_47' title='bbox 689 1027 855 1088; x_wconf 90' lang='lat' dir='ltr'><strong>multum</strong></span> <span class='ocrx_word' id='word_1_48' title='bbox 884 1025 1042 1090; x_wconf 87' lang='lat' dir='ltr'><strong>omnino</strong></span> <span class='ocrx_word' id='word_1_49' title='bbox 1064 1029 1196 1090; x_wconf 87' lang='lat' dir='ltr'><strong>variat</strong></span> <span class='ocrx_word' id='word_1_50' title='bbox 1221 1029 1262 1090; x_wconf 93' lang='lat' dir='ltr'><strong>in</strong></span> <span class='ocrx_word' id='word_1_51' title='bbox 1282 1029 1335 1092; x_wconf 92' lang='lat' dir='ltr'><strong>di·</strong></span> 
     </span>
     <span class='ocr_line' id='line_1_8' title="bbox 297 1128 1338 1212; baseline -0.003 -16"><span class='ocrx_word' id='word_1_52' title='bbox 297 1134 418 1195; x_wconf 89' lang='lat' dir='ltr'><strong>versis</strong></span> <span class='ocrx_word' id='word_1_53' title='bbox 452 1128 689 1201; x_wconf 89' lang='lat' dir='ltr'><strong>individuis,</strong></span> <span class='ocrx_word' id='word_1_54' title='bbox 713 1129 793 1200; x_wconf 86' lang='lat' dir='ltr'><strong>ita,</strong></span> <span class='ocrx_word' id='word_1_55' title='bbox 824 1134 869 1190; x_wconf 92' lang='lat' dir='ltr'><strong>ut</strong></span> <span class='ocrx_word' id='word_1_56' title='bbox 892 1128 935 1190; x_wconf 87' lang='lat' dir='ltr'><strong>in</strong></span> <span class='ocrx_word' id='word_1_57' title='bbox 961 1129 1161 1192; x_wconf 82' lang='lat' dir='ltr'><strong>calculosis</strong></span> <span class='ocrx_word' id='word_1_58' title='bbox 1198 1131 1338 1212; x_wconf 88' lang='lat' dir='ltr'><strong>praeci·</strong></span> 
     </span>
    </p>

    <p class='ocr_par' dir='ltr' id='par_1_4' title="bbox 155 1229 1340 1416">
     <span class='ocr_line' id='line_1_9' title="bbox 155 1229 1339 1317; baseline -0.003 -19"><span class='ocrx_word' id='word_1_59' title='bbox 155 1249 163 1270; x_wconf 91' lang='lat'><strong><em>¹</em></strong></span> <span class='ocrx_word' id='word_1_60' title='bbox 231 1246 235 1251; x_wconf 83' lang='lat'>&#39;</span> <span class='ocrx_word' id='word_1_61' title='bbox 296 1255 398 1317; x_wconf 87' lang='lat' dir='ltr'><strong>pue,</strong></span> <span class='ocrx_word' id='word_1_62' title='bbox 417 1233 625 1296; x_wconf 89' lang='lat' dir='ltr'><strong>admodum</strong></span> <span class='ocrx_word' id='word_1_63' title='bbox 657 1229 1135 1306; x_wconf 82' lang='lat' dir='ltr'><strong>contractainveniatur,</strong></span> <span class='ocrx_word' id='word_1_64' title='bbox 1161 1232 1224 1294; x_wconf 86' lang='lat' dir='ltr'><strong>vel</strong></span> <span class='ocrx_word' id='word_1_65' title='bbox 1256 1232 1339 1294; x_wconf 87' lang='lat' dir='ltr'><strong>eliis</strong></span> 
     </span>
     <span class='ocr_line' id='line_1_10' title="bbox 245 1320 1340 1416; baseline -0.006 -13"><span class='ocrx_word' id='word_1_66' title='bbox 245 1320 253 1335; x_wconf 40' lang='lat'>⁸</span> <span class='ocrx_word' id='word_1_67' title='bbox 297 1339 342 1402; x_wconf 90' lang='lat' dir='ltr'><strong>in</strong></span> <span class='ocrx_word' id='word_1_68' title='bbox 362 1337 516 1399; x_wconf 78' lang='lat' dir='ltr'><strong>casibus</strong></span> <span class='ocrx_word' id='word_1_69' title='bbox 536 1333 777 1416; x_wconf 88' lang='lat' dir='ltr'><strong>amplissima</strong></span> <span class='ocrx_word' id='word_1_70' title='bbox 797 1332 861 1394; x_wconf 90' lang='lat' dir='ltr'><strong>sit.</strong></span> <span class='ocrx_word' id='word_1_71' title='bbox 884 1330 1013 1394; x_wconf 85' lang='lat' dir='ltr'><strong>Media</strong></span> <span class='ocrx_word' id='word_1_72' title='bbox 1032 1333 1252 1415; x_wconf 87' lang='lat' dir='ltr'><strong>amplitudo</strong></span> <span class='ocrx_word' id='word_1_73' title='bbox 1286 1354 1340 1396; x_wconf 88' lang='lat' dir='ltr'><strong>ca·</strong></span> 
     </span>
    </p>

    <p class='ocr_par' dir='ltr' id='par_1_5' title="bbox 199 1434 1339 1525">
     <span class='ocr_line' id='line_1_11' title="bbox 199 1434 1339 1525; baseline -0.008 -19"><span class='ocrx_word' id='word_1_74' title='bbox 199 1509 203 1516; x_wconf 77' lang='grc'>,</span> <span class='ocrx_word' id='word_1_75' title='bbox 295 1442 451 1525; x_wconf 86' lang='lat' dir='ltr'><strong>piendis</strong></span> <span class='ocrx_word' id='word_1_76' title='bbox 473 1456 565 1521; x_wconf 85' lang='lat'>1-3.</span> <span class='ocrx_word' id='word_1_77' title='bbox 590 1439 701 1501; x_wconf 89' lang='lat' dir='ltr'><strong>libris</strong></span> <span class='ocrx_word' id='word_1_78' title='bbox 719 1436 853 1500; x_wconf 87' lang='lat' dir='ltr'><strong>urinae</strong></span> <span class='ocrx_word' id='word_1_79' title='bbox 873 1434 1026 1498; x_wconf 84' lang='lat' dir='ltr'><strong>circiter</strong></span> <span class='ocrx_word' id='word_1_80' title='bbox 1047 1435 1255 1517; x_wconf 84' lang='lat' dir='ltr'><strong>respondet</strong></span> <span class='ocrx_word' id='word_1_81' title='bbox 1275 1435 1339 1518; x_wconf 78' lang='lat'><strong>”).</strong></span> 
     </span>
    </p>
   </div>
   <div class='ocr_carea' id='block_1_4' title="bbox 183 1575 1341 4352">
    <p class='ocr_par' dir='ltr' id='par_1_6' title="bbox 298 1575 1340 1868">
     <span class='ocr_line' id='line_1_12' title="bbox 380 1575 1340 1661; baseline -0.007 -13"><span class='ocrx_word' id='word_1_82' title='bbox 380 1585 584 1648; x_wconf 89' lang='lat' dir='ltr'><strong>Formatur</strong></span> <span class='ocrx_word' id='word_1_83' title='bbox 630 1575 759 1642; x_wconf 87' lang='lat' dir='ltr'><strong>vesica</strong></span> <span class='ocrx_word' id='word_1_84' title='bbox 803 1577 979 1661; x_wconf 90' lang='lat' dir='ltr'><strong>pluribus</strong></span> <span class='ocrx_word' id='word_1_85' title='bbox 1029 1579 1340 1644; x_wconf 87' lang='lat' dir='ltr'><strong>membranarum</strong></span> 
     </span>
     <span class='ocr_line' id='line_1_13' title="bbox 298 1680 1340 1768; baseline -0.009 -15"><span class='ocrx_word' id='word_1_86' title='bbox 298 1685 455 1763; x_wconf 84' lang='lat' dir='ltr'><strong>stratis,</strong></span> <span class='ocrx_word' id='word_1_87' title='bbox 484 1699 647 1768; x_wconf 91' lang='lat' dir='ltr'><strong>quorum</strong></span> <span class='ocrx_word' id='word_1_88' title='bbox 680 1680 890 1754; x_wconf 86' lang='lat' dir='ltr'><strong>extimum,</strong></span> <span class='ocrx_word' id='word_1_89' title='bbox 913 1684 957 1742; x_wconf 92' lang='lat' dir='ltr'><strong>ut</strong></span> <span class='ocrx_word' id='word_1_90' title='bbox 976 1684 1093 1761; x_wconf 91' lang='lat' dir='ltr'><strong>paulo</strong></span> <span class='ocrx_word' id='word_1_91' title='bbox 1122 1689 1215 1746; x_wconf 90' lang='lat' dir='ltr'><strong>ante</strong></span> <span class='ocrx_word' id='word_1_92' title='bbox 1248 1681 1340 1746; x_wconf 89' lang='lat' dir='ltr'><strong>vidi·</strong></span> 
     </span>
     <span class='ocr_line' id='line_1_14' title="bbox 300 1783 1338 1868; baseline -0.004 -16"><span class='ocrx_word' id='word_1_93' title='bbox 300 1808 406 1862; x_wconf 91' lang='lat' dir='ltr'><strong>mus,</strong></span> <span class='ocrx_word' id='word_1_94' title='bbox 436 1787 582 1868; x_wconf 89' lang='lat' dir='ltr'><strong>partim</strong></span> <span class='ocrx_word' id='word_1_95' title='bbox 612 1803 783 1847; x_wconf 87' lang='lat' dir='ltr'><strong>serosum</strong></span> <span class='ocrx_word' id='word_1_96' title='bbox 816 1788 893 1856; x_wconf 88' lang='lat' dir='ltr'><strong>est,</strong></span> <span class='ocrx_word' id='word_1_97' title='bbox 924 1783 1072 1864; x_wconf 89' lang='lat' dir='ltr'><strong>partim</strong></span> <span class='ocrx_word' id='word_1_98' title='bbox 1103 1785 1338 1852; x_wconf 87' lang='lat' dir='ltr'><strong>cellulosum.</strong></span> 
     </span>
    </p>

    <p class='ocr_par' dir='ltr' id='par_1_7' title="bbox 271 1883 1341 4234">
     <span class='ocr_line' id='line_1_15' title="bbox 271 1883 1339 1980; baseline -0.004 -26"><span class='ocrx_word' id='word_1_99' title='bbox 271 1889 478 1980; x_wconf 32' lang='lat' dir='ltr'><strong>‘Sequitur</strong></span> <span class='ocrx_word' id='word_1_100' title='bbox 515 1886 650 1970; x_wconf 78' lang='lat' dir='ltr'><strong>tunica</strong></span> <span class='ocrx_word' id='word_1_101' title='bbox 686 1883 1019 1959; x_wconf 87' lang='lat' dir='ltr'><strong>muscularis,</strong></span> <span class='ocrx_word' id='word_1_102' title='bbox 1050 1885 1197 1968; x_wconf 84' lang='lat' dir='ltr'><strong>duplici</strong></span> <span class='ocrx_word' id='word_1_103' title='bbox 1228 1887 1339 1952; x_wconf 86' lang='lat' dir='ltr'><strong>fibra·</strong></span> 
     </span>
     <span class='ocr_line' id='line_1_16' title="bbox 301 1991 1337 2078; baseline -0.001 -21"><span class='ocrx_word' id='word_1_104' title='bbox 301 2013 389 2057; x_wconf 88' lang='lat' dir='ltr'><strong>rum</strong></span> <span class='ocrx_word' id='word_1_105' title='bbox 412 1997 535 2056; x_wconf 89' lang='lat' dir='ltr'><strong>strato</strong></span> <span class='ocrx_word' id='word_1_106' title='bbox 556 1998 760 2068; x_wconf 86' lang='lat' dir='ltr'><strong>constans.¹</strong></span> <span class='ocrx_word' id='word_1_107' title='bbox 780 1991 917 2056; x_wconf 87' lang='lat' dir='ltr'><strong>Fibrae</strong></span> <span class='ocrx_word' id='word_1_108' title='bbox 946 1991 1152 2056; x_wconf 85' lang='lat' dir='ltr'><strong>exteriores</strong></span> <span class='ocrx_word' id='word_1_109' title='bbox 1176 1995 1337 2078; x_wconf 84' lang='lat' dir='ltr'><strong>longitu-</strong></span> 
     </span>
     <span class='ocr_line' id='line_1_17' title="bbox 303 2093 1335 2177; baseline -0.002 -17"><span class='ocrx_word' id='word_1_110' title='bbox 303 2095 450 2160; x_wconf 89' lang='lat' dir='ltr'><strong>dinales</strong></span> <span class='ocrx_word' id='word_1_111' title='bbox 473 2098 581 2172; x_wconf 83' lang='lat' dir='ltr'><strong>sunt,</strong></span> <span class='ocrx_word' id='word_1_112' title='bbox 602 2093 690 2157; x_wconf 92' lang='lat' dir='ltr'><strong>inde</strong></span> <span class='ocrx_word' id='word_1_113' title='bbox 716 2115 738 2157; x_wconf 89' lang='lat' dir='ltr'><strong>a</strong></span> <span class='ocrx_word' id='word_1_114' title='bbox 759 2098 905 2157; x_wconf 89' lang='lat' dir='ltr'><strong>cervice</strong></span> <span class='ocrx_word' id='word_1_115' title='bbox 927 2093 1035 2177; x_wconf 83' lang='lat' dir='ltr'><strong>juxta</strong></span> <span class='ocrx_word' id='word_1_116' title='bbox 1065 2114 1221 2162; x_wconf 89' lang='lat' dir='ltr'><strong>omnem</strong></span> <span class='ocrx_word' id='word_1_117' title='bbox 1243 2094 1335 2160; x_wconf 86' lang='lat' dir='ltr'><strong>vesi-</strong></span> 
     </span>
     <span class='ocr_line' id='line_1_18' title="bbox 301 2191 1340 2278; baseline -0.001 -14"><span class='ocrx_word' id='word_1_118' title='bbox 301 2220 366 2264; x_wconf 89' lang='lat' dir='ltr'><strong>cae</strong></span> <span class='ocrx_word' id='word_1_119' title='bbox 382 2195 599 2274; x_wconf 83' lang='lat' dir='ltr'><strong>ambitum,</strong></span> <span class='ocrx_word' id='word_1_120' title='bbox 620 2197 667 2258; x_wconf 87' lang='lat' dir='ltr'><strong>ab</strong></span> <span class='ocrx_word' id='word_1_121' title='bbox 689 2191 820 2259; x_wconf 86' lang='lat' dir='ltr'><strong>antica</strong></span> <span class='ocrx_word' id='word_1_122' title='bbox 839 2193 887 2258; x_wconf 87' lang='lat' dir='ltr'><strong>ad</strong></span> <span class='ocrx_word' id='word_1_123' title='bbox 907 2198 1098 2278; x_wconf 86' lang='lat' dir='ltr'><strong>posticam</strong></span> <span class='ocrx_word' id='word_1_124' title='bbox 1120 2200 1264 2266; x_wconf 81' lang='lat' dir='ltr'><strong>faciem</strong></span> <span class='ocrx_word' id='word_1_125' title='bbox 1284 2219 1340 2263; x_wconf 85' lang='lat' dir='ltr'><strong>ax·</strong></span> 
     </span>
     <span class='ocr_line' id='line_1_19' title="bbox 300 2286 1340 2376; baseline -0.001 -9"><span class='ocrx_word' id='word_1_126' title='bbox 300 2286 515 2376; x_wconf 79' lang='lat' dir='ltr'><strong>curreutes,</strong></span> <span class='ocrx_word' id='word_1_127' title='bbox 537 2303 575 2363; x_wconf 90' lang='lat' dir='ltr'><strong>et</strong></span> <span class='ocrx_word' id='word_1_128' title='bbox 598 2299 722 2364; x_wconf 87' lang='lat' dir='ltr'><strong>instar</strong></span> <span class='ocrx_word' id='word_1_129' title='bbox 752 2301 851 2362; x_wconf 87' lang='lat' dir='ltr'><strong>sacci</strong></span> <span class='ocrx_word' id='word_1_130' title='bbox 881 2301 1011 2366; x_wconf 88' lang='lat' dir='ltr'><strong>carnei</strong></span> <span class='ocrx_word' id='word_1_131' title='bbox 1035 2308 1163 2367; x_wconf 90' lang='lat' dir='ltr'><strong>totum</strong></span> <span class='ocrx_word' id='word_1_132' title='bbox 1192 2305 1232 2368; x_wconf 90' lang='lat' dir='ltr'><strong>id</strong></span> <span class='ocrx_word' id='word_1_133' title='bbox 1258 2305 1340 2368; x_wconf 84' lang='lat' dir='ltr'><strong>con&#39;·</strong></span> 
     </span>
     <span class='ocr_line' id='line_1_20' title="bbox 302 2399 1341 2490; baseline -0.002 -18"><span class='ocrx_word' id='word_1_134' title='bbox 302 2407 543 2490; x_wconf 88' lang='lat' dir='ltr'><strong>ceptaculum</strong></span> <span class='ocrx_word' id='word_1_135' title='bbox 586 2399 811 2466; x_wconf 86' lang='lat' dir='ltr'><strong>ambientes.</strong></span> <span class='ocrx_word' id='word_1_136' title='bbox 852 2404 1095 2488; x_wconf 80' lang='lat' dir='ltr'><strong>colliguntur</strong></span> <span class='ocrx_word' id='word_1_137' title='bbox 1129 2429 1197 2471; x_wconf 87' lang='lat' dir='ltr'><strong>eae</strong></span> <span class='ocrx_word' id='word_1_138' title='bbox 1227 2408 1341 2472; x_wconf 87' lang='lat' dir='ltr'><strong>fibrae</strong></span> 
     </span>
     <span class='ocr_line' id='line_1_21' title="bbox 291 2491 1339 2596; baseline 0.004 -27"><span class='ocrx_word' id='word_1_139' title='bbox 291 2491 345 2570; x_wconf 66' lang='lat' dir='ltr'><strong>⁴in</strong></span> <span class='ocrx_word' id='word_1_140' title='bbox 366 2509 552 2582; x_wconf 90' lang='lat' dir='ltr'><strong>lacertos,</strong></span> <span class='ocrx_word' id='word_1_141' title='bbox 577 2505 643 2588; x_wconf 88' lang='lat' dir='ltr'><strong>qui</strong></span> <span class='ocrx_word' id='word_1_142' title='bbox 665 2505 896 2570; x_wconf 88' lang='lat' dir='ltr'><strong>anteriorem</strong></span> <span class='ocrx_word' id='word_1_143' title='bbox 929 2513 968 2570; x_wconf 91' lang='lat' dir='ltr'><strong>et</strong></span> <span class='ocrx_word' id='word_1_144' title='bbox 988 2509 1238 2590; x_wconf 85' lang='lat' dir='ltr'><strong>posteriorem</strong></span> <span class='ocrx_word' id='word_1_145' title='bbox 1260 2529 1339 2596; x_wconf 88' lang='lat' dir='ltr'><strong>par·</strong></span> 
     </span>
     <span class='ocr_line' id='line_1_22' title="bbox 300 2605 1340 2691; baseline 0 -18"><span class='ocrx_word' id='word_1_146' title='bbox 300 2614 382 2673; x_wconf 88' lang='lat' dir='ltr'><strong>tem</strong></span> <span class='ocrx_word' id='word_1_147' title='bbox 403 2614 518 2691; x_wconf 87' lang='lat' dir='ltr'><strong>atque</strong></span> <span class='ocrx_word' id='word_1_148' title='bbox 539 2605 662 2672; x_wconf 78' lang='lat' dir='ltr'><strong>latera</strong></span> <span class='ocrx_word' id='word_1_149' title='bbox 680 2608 831 2670; x_wconf 87' lang='lat' dir='ltr'><strong>vesicae</strong></span> <span class='ocrx_word' id='word_1_150' title='bbox 852 2609 1006 2691; x_wconf 86' lang='lat' dir='ltr'><strong>legunt,</strong></span> <span class='ocrx_word' id='word_1_151' title='bbox 1029 2611 1129 2676; x_wconf 91' lang='lat' dir='ltr'><strong>unde</strong></span> <span class='ocrx_word' id='word_1_152' title='bbox 1163 2613 1340 2678; x_wconf 83' lang='lat' dir='ltr'><strong>interval·</strong></span> 
     </span>
     <span class='ocr_line' id='line_1_23' title="bbox 299 2707 1335 2796; baseline 0.002 -20"><span class='ocrx_word' id='word_1_153' title='bbox 299 2713 341 2776; x_wconf 89' lang='lat' dir='ltr'><strong>la</strong></span> <span class='ocrx_word' id='word_1_154' title='bbox 363 2707 551 2796; x_wconf 81' lang='lat' dir='ltr'><strong>quaedam</strong></span> <span class='ocrx_word' id='word_1_155' title='bbox 571 2716 805 2784; x_wconf 88' lang='lat' dir='ltr'><strong>nascuntur,</strong></span> <span class='ocrx_word' id='word_1_156' title='bbox 822 2730 890 2792; x_wconf 87' lang='lat' dir='ltr'><strong>per</strong></span> <span class='ocrx_word' id='word_1_157' title='bbox 915 2731 1011 2796; x_wconf 83' lang='lat' dir='ltr'><strong>quae</strong></span> <span class='ocrx_word' id='word_1_158' title='bbox 1031 2715 1259 2784; x_wconf 80' lang='lat' dir='ltr'><strong>membrana</strong></span> <span class='ocrx_word' id='word_1_159' title='bbox 1281 2715 1335 2780; x_wconf 88' lang='lat' dir='ltr'><strong>in·</strong></span> 
     </span>
     <span class='ocr_line' id='line_1_24' title="bbox 299 2801 1336 2899; baseline 0.002 -21"><span class='ocrx_word' id='word_1_160' title='bbox 299 2811 420 2878; x_wconf 88' lang='lat' dir='ltr'><strong>terior</strong></span> <span class='ocrx_word' id='word_1_161' title='bbox 441 2811 615 2893; x_wconf 87' lang='lat' dir='ltr'><strong>prolabi,</strong></span> <span class='ocrx_word' id='word_1_162' title='bbox 641 2811 757 2898; x_wconf 89' lang='lat' dir='ltr'><strong>inque</strong></span> <span class='ocrx_word' id='word_1_163' title='bbox 778 2801 928 2878; x_wconf 84' lang='lat' dir='ltr'><strong>saccum</strong></span> <span class='ocrx_word' id='word_1_164' title='bbox 955 2835 1069 2899; x_wconf 87' lang='lat' dir='ltr'><strong>saepe</strong></span> <span class='ocrx_word' id='word_1_165' title='bbox 1095 2819 1261 2884; x_wconf 83' lang='lat' dir='ltr'><strong>formari</strong></span> <span class='ocrx_word' id='word_1_166' title='bbox 1283 2837 1336 2880; x_wconf 83' lang='lat' dir='ltr'><strong>so·</strong></span> 
     </span>
     <span class='ocr_line' id='line_1_25' title="bbox 294 2907 1336 3002; baseline 0.01 -22"><span class='ocrx_word' id='word_1_167' title='bbox 294 2917 375 2994; x_wconf 71' lang='lat' dir='ltr'><strong>let,</strong></span> <span class='ocrx_word' id='word_1_168' title='bbox 395 2914 540 2978; x_wconf 89' lang='lat' dir='ltr'><strong>calculo</strong></span> <span class='ocrx_word' id='word_1_169' title='bbox 566 2907 840 3000; x_wconf 84' lang='lat' dir='ltr'><strong>nonnunquam</strong></span> <span class='ocrx_word' id='word_1_170' title='bbox 861 2916 1188 3002; x_wconf 80' lang='lat' dir='ltr'><strong>fixam-praebens</strong></span> <span class='ocrx_word' id='word_1_171' title='bbox 1206 2921 1336 2990; x_wconf 66' lang='lat' dir='ltr'><strong>sedem,</strong></span> 
     </span>
     <span class='ocr_line' id='line_1_26' title="bbox 297 3013 1336 3106; baseline 0.004 -24"><span class='ocrx_word' id='word_1_172' title='bbox 297 3013 337 3082; x_wconf 75' lang='lat' dir='ltr'><strong>&#39;et</strong></span> <span class='ocrx_word' id='word_1_173' title='bbox 360 3017 493 3082; x_wconf 87' lang='lat' dir='ltr'><strong>dicunt</strong></span> <span class='ocrx_word' id='word_1_174' title='bbox 513 3015 554 3080; x_wconf 91' lang='lat' dir='ltr'><strong>id</strong></span> <span class='ocrx_word' id='word_1_175' title='bbox 582 3018 624 3081; x_wconf 90' lang='lat' dir='ltr'><strong>in</strong></span> <span class='ocrx_word' id='word_1_176' title='bbox 658 3019 817 3082; x_wconf 83' lang='lat' dir='ltr'><strong>sinistro</strong></span> <span class='ocrx_word' id='word_1_177' title='bbox 852 3020 973 3086; x_wconf 86' lang='lat' dir='ltr'><strong>latere</strong></span> <span class='ocrx_word' id='word_1_178' title='bbox 993 3022 1235 3106; x_wconf 80' lang='lat' dir='ltr'><strong>frequentius</strong></span> <span class='ocrx_word' id='word_1_179' title='bbox 1257 3043 1336 3088; x_wconf 89' lang='lat' dir='ltr'><strong>con·</strong></span> 
     </span>
     <span class='ocr_line' id='line_1_27' title="bbox 299 3121 1336 3210; baseline 0.001 -21"><span class='ocrx_word' id='word_1_180' title='bbox 299 3125 448 3210; x_wconf 86' lang='lat' dir='ltr'><strong>tingere</strong></span> <span class='ocrx_word' id='word_1_181' title='bbox 469 3121 527 3210; x_wconf 92' lang='lat' dir='ltr'><strong>a).</strong></span> <span class='ocrx_word' id='word_1_182' title='bbox 561 3121 782 3186; x_wconf 86' lang='lat' dir='ltr'><strong>Adhaerent</strong></span> <span class='ocrx_word' id='word_1_183' title='bbox 803 3123 834 3185; x_wconf 91' lang='lat' dir='ltr'><strong>ii</strong></span> <span class='ocrx_word' id='word_1_184' title='bbox 864 3125 1040 3191; x_wconf 84' lang='lat' dir='ltr'><strong>fasciculi</strong></span> <span class='ocrx_word' id='word_1_185' title='bbox 1067 3127 1108 3192; x_wconf 90' lang='lat' dir='ltr'><strong>in</strong></span> <span class='ocrx_word' id='word_1_186' title='bbox 1136 3137 1257 3210; x_wconf 83' lang='lat' dir='ltr'><strong>parte.</strong></span> <span class='ocrx_word' id='word_1_187' title='bbox 1276 3146 1336 3190; x_wconf 84' lang='lat' dir='ltr'><strong>an-</strong></span> 
     </span>
     <span class='ocr_line' id='line_1_28' title="bbox 297 3219 1337 3310; baseline 0 -20"><span class='ocrx_word' id='word_1_188' title='bbox 297 3219 379 3291; x_wconf 83' lang='lat' dir='ltr'><strong>tica</strong></span> <span class='ocrx_word' id='word_1_189' title='bbox 403 3225 605 3310; x_wconf 85' lang='lat' dir='ltr'><strong>symphysi</strong></span> <span class='ocrx_word' id='word_1_190' title='bbox 627 3223 770 3288; x_wconf 89' lang='lat' dir='ltr'><strong>ossium</strong></span> <span class='ocrx_word' id='word_1_191' title='bbox 791 3227 905 3308; x_wconf 81' lang='lat' dir='ltr'><strong>pubis</strong></span> <span class='ocrx_word' id='word_1_192' title='bbox 919 3273 929 3304; x_wconf 86' lang='lat'><strong>,</strong></span> <span class='ocrx_word' id='word_1_193' title='bbox 942 3231 1178 3294; x_wconf 89' lang='lat' dir='ltr'><strong>membranis</strong></span> <span class='ocrx_word' id='word_1_194' title='bbox 1201 3252 1246 3298; x_wconf 88' lang='lat' dir='ltr'><strong>ee</strong></span> <span class='ocrx_word' id='word_1_195' title='bbox 1263 3247 1337 3294; x_wconf 85' lang='lat' dir='ltr'><strong>ossa</strong></span> 
     </span>
     <span class='ocr_line' id='line_1_29' title="bbox 298 3330 1335 3408; baseline -0.003 -12"><span class='ocrx_word' id='word_1_196' title='bbox 298 3331 551 3402; x_wconf 87' lang='lat' dir='ltr'><strong>velantibus,</strong></span> <span class='ocrx_word' id='word_1_197' title='bbox 582 3330 831 3394; x_wconf 90' lang='lat' dir='ltr'><strong>membranae</strong></span> <span class='ocrx_word' id='word_1_198' title='bbox 868 3336 1061 3408; x_wconf 80' lang='lat' dir='ltr'><strong>musculos</strong></span> <span class='ocrx_word' id='word_1_199' title='bbox 1104 3335 1335 3401; x_wconf 73' lang='lat' dir='ltr'><strong>obtul-atores</strong></span> 
     </span>
     <span class='ocr_line' id='line_1_30' title="bbox 298 3429 1334 3516; baseline 0.001 -20"><span class='ocrx_word' id='word_1_200' title='bbox 298 3429 470 3516; x_wconf 75' lang='lat' dir='ltr'><strong>tegenti,</strong></span> <span class='ocrx_word' id='word_1_201' title='bbox 497 3437 611 3516; x_wconf 91' lang='lat' dir='ltr'><strong>atque</strong></span> <span class='ocrx_word' id='word_1_202' title='bbox 638 3438 835 3515; x_wconf 86' lang='lat' dir='ltr'><strong>prostatae</strong></span> <span class='ocrx_word' id='word_1_203' title='bbox 867 3433 909 3498; x_wconf 90' lang='lat' dir='ltr'><strong>in</strong></span> <span class='ocrx_word' id='word_1_204' title='bbox 938 3437 1035 3500; x_wconf 90' lang='lat' dir='ltr'><strong>viris</strong></span> <span class='ocrx_word' id='word_1_205' title='bbox 1061 3443 1098 3506; x_wconf 86' lang='lat' dir='ltr'><strong>et</strong></span> <span class='ocrx_word' id='word_1_206' title='bbox 1130 3435 1268 3502; x_wconf 85' lang='lat' dir='ltr'><strong>cervici</strong></span> <span class='ocrx_word' id='word_1_207' title='bbox 1298 3434 1334 3498; x_wconf 89' lang='lat' dir='ltr'><strong>in</strong></span> 
     </span>
     <span class='ocr_line' id='line_1_31' title="bbox 298 3533 1333 3619; baseline 0.008 -21"><span class='ocrx_word' id='word_1_208' title='bbox 298 3533 723 3611; x_wconf 78' lang='lat' dir='ltr'><strong>feminis3adscendunt</strong></span> <span class='ocrx_word' id='word_1_209' title='bbox 742 3535 831 3598; x_wconf 88' lang='lat' dir='ltr'><strong>inde</strong></span> <span class='ocrx_word' id='word_1_210' title='bbox 849 3557 917 3619; x_wconf 91' lang='lat' dir='ltr'><strong>per</strong></span> <span class='ocrx_word' id='word_1_211' title='bbox 936 3538 1075 3602; x_wconf 85' lang='lat' dir='ltr'><strong>faciem</strong></span> <span class='ocrx_word' id='word_1_212' title='bbox 1098 3541 1333 3606; x_wconf 68' lang='lat' dir='ltr'><strong>anteriorem,</strong></span> 
     </span>
     <span class='ocr_line' id='line_1_32' title="bbox 300 3637 1332 3720; baseline -0.004 -16"><span class='ocrx_word' id='word_1_213' title='bbox 300 3637 426 3704; x_wconf 84' lang='lat' dir='ltr'><strong>eundo</strong></span> <span class='ocrx_word' id='word_1_214' title='bbox 448 3637 606 3702; x_wconf 88' lang='lat' dir='ltr'><strong>latiores</strong></span> <span class='ocrx_word' id='word_1_215' title='bbox 626 3637 794 3714; x_wconf 84' lang='lat' dir='ltr'><strong>redditi,</strong></span> <span class='ocrx_word' id='word_1_216' title='bbox 817 3639 865 3702; x_wconf 85' lang='lat' dir='ltr'><strong>ad</strong></span> <span class='ocrx_word' id='word_1_217' title='bbox 885 3642 1093 3720; x_wconf 86' lang='lat' dir='ltr'><strong>verticem,</strong></span> <span class='ocrx_word' id='word_1_218' title='bbox 1113 3642 1182 3708; x_wconf 90' lang='lat' dir='ltr'><strong>uhi</strong></span> <span class='ocrx_word' id='word_1_219' title='bbox 1200 3639 1332 3706; x_wconf 87' lang='lat' dir='ltr'><strong>urecho</strong></span> 
     </span>
     <span class='ocr_line' id='line_1_33' title="bbox 299 3738 1333 3830; baseline -0.007 -22"><span class='ocrx_word' id='word_1_220' title='bbox 299 3740 483 3825; x_wconf 83' lang='lat' dir='ltr'><strong>vaginam</strong></span> <span class='ocrx_word' id='word_1_221' title='bbox 518 3738 767 3820; x_wconf 71' lang='lat' dir='ltr'><strong>largiuntur3</strong></span> <span class='ocrx_word' id='word_1_222' title='bbox 799 3739 1035 3811; x_wconf 85' lang='lat' dir='ltr'><strong>descendunt</strong></span> <span class='ocrx_word' id='word_1_223' title='bbox 1065 3745 1176 3830; x_wconf 74' lang='lat' dir='ltr'><strong>&#39;juxta</strong></span> <span class='ocrx_word' id='word_1_224' title='bbox 1203 3741 1333 3808; x_wconf 80' lang='lat' dir='ltr'><strong>faciem</strong></span> 
     </span>
     <span class='ocr_line' id='line_1_34' title="bbox 298 3841 1331 3925; baseline -0.004 -17"><span class='ocrx_word' id='word_1_225' title='bbox 298 3843 449 3908; x_wconf 82' lang='lat' dir='ltr'><strong>vesicae</strong></span> <span class='ocrx_word' id='word_1_226' title='bbox 483 3841 760 3925; x_wconf 86' lang='lat' dir='ltr'><strong>posteriorem,</strong></span> <span class='ocrx_word' id='word_1_227' title='bbox 787 3843 949 3910; x_wconf 85' lang='lat' dir='ltr'><strong>redeunt</strong></span> <span class='ocrx_word' id='word_1_228' title='bbox 975 3848 1024 3911; x_wconf 86' lang='lat' dir='ltr'><strong>ad</strong></span> <span class='ocrx_word' id='word_1_229' title='bbox 1053 3849 1258 3918; x_wconf 86' lang='lat' dir='ltr'><strong>cervicem,</strong></span> <span class='ocrx_word' id='word_1_230' title='bbox 1277 3842 1331 3904; x_wconf 88' lang='lat' dir='ltr'><strong>in·</strong></span> 
     </span>
     <span class='ocr_line' id='line_1_35' title="bbox 299 3941 1331 4034; baseline -0.004 -20"><span class='ocrx_word' id='word_1_231' title='bbox 299 3953 475 4014; x_wconf 81' lang='lat' dir='ltr'><strong>seruntur</strong></span> <span class='ocrx_word' id='word_1_232' title='bbox 506 3954 731 4031; x_wconf 70' lang='lat' dir='ltr'><strong>prostatus,</strong></span> <span class='ocrx_word' id='word_1_233' title='bbox 760 3951 876 4034; x_wconf 87' lang='lat' dir='ltr'><strong>inque</strong></span> <span class='ocrx_word' id='word_1_234' title='bbox 903 3950 1071 4014; x_wconf 87' lang='lat' dir='ltr'><strong>femineo</strong></span> <span class='ocrx_word' id='word_1_235' title='bbox 1110 3967 1263 4034; x_wconf 89' lang='lat' dir='ltr'><strong>corpore</strong></span> <span class='ocrx_word' id='word_1_236' title='bbox 1295 3941 1331 4003; x_wconf 85' lang='lat' dir='ltr'><strong>in</strong></span> 
     </span>
     <span class='ocr_line' id='line_1_36' title="bbox 299 4049 1330 4136; baseline -0.008 -16"><span class='ocrx_word' id='word_1_237' title='bbox 299 4052 450 4120; x_wconf 78' lang='lat' dir='ltr'><strong>vesicae</strong></span> <span class='ocrx_word' id='word_1_238' title='bbox 474 4071 559 4117; x_wconf 88' lang='lat' dir='ltr'><strong>cum</strong></span> <span class='ocrx_word' id='word_1_239' title='bbox 579 4053 721 4135; x_wconf 74' lang='lat' dir='ltr'><strong>vagina</strong></span> <span class='ocrx_word' id='word_1_240' title='bbox 743 4055 1009 4136; x_wconf 88' lang='lat' dir='ltr'><strong>conjunctione</strong></span> <span class='ocrx_word' id='word_1_241' title='bbox 1028 4053 1214 4118; x_wconf 88' lang='lat' dir='ltr'><strong>desinunt.</strong></span> <span class='ocrx_word' id='word_1_242' title='bbox 1247 4049 1330 4112; x_wconf 77' lang='lat' dir='ltr'><strong>cum</strong></span> 
     </span>
     <span class='ocr_line' id='line_1_37' title="bbox 298 4149 1329 4234; baseline -0.004 -13"><span class='ocrx_word' id='word_1_243' title='bbox 298 4152 473 4221; x_wconf 83' lang='lat' dir='ltr'><strong>fasciculi</strong></span> <span class='ocrx_word' id='word_1_244' title='bbox 494 4154 537 4216; x_wconf 87' lang='lat' dir='ltr'><strong>hi</strong></span> <span class='ocrx_word' id='word_1_245' title='bbox 566 4157 798 4219; x_wconf 87' lang='lat' dir='ltr'><strong>musculares</strong></span> <span class='ocrx_word' id='word_1_246' title='bbox 835 4159 1137 4234; x_wconf 86' lang='lat' dir='ltr'><strong>contrahuntur,</strong></span> <span class='ocrx_word' id='word_1_247' title='bbox 1156 4149 1329 4220; x_wconf 77' lang='lat' dir='ltr'><strong>mobilem</strong></span> 
     </span>
    </p>

    <p class='ocr_par' dir='ltr' id='par_1_8' title="bbox 183 4255 1329 4352">
     <span class='ocr_line' id='line_1_38' title="bbox 183 4255 1329 4352; baseline -0.012 -24"><span class='ocrx_word' id='word_1_248' title='bbox 183 4285 189 4298; x_wconf 77' lang='grc'><em>’</em></span> <span class='ocrx_word' id='word_1_249' title='bbox 298 4255 449 4328; x_wconf 74' lang='lat' dir='ltr'><strong>vesicae</strong></span> <span class='ocrx_word' id='word_1_250' title='bbox 468 4257 703 4341; x_wconf 85' lang='lat' dir='ltr'><strong>superiorem</strong></span> <span class='ocrx_word' id='word_1_251' title='bbox 722 4264 874 4342; x_wconf 80' lang='lat' dir='ltr'><strong>partem</strong></span> <span class='ocrx_word' id='word_1_252' title='bbox 895 4283 1034 4330; x_wconf 79' lang='lat' dir='ltr'><strong>versus·</strong></span> <span class='ocrx_word' id='word_1_253' title='bbox 1050 4263 1192 4352; x_wconf 87' lang='lat' dir='ltr'><strong>pubem</strong></span> <span class='ocrx_word' id='word_1_254' title='bbox 1214 4255 1329 4324; x_wconf 75' lang='lat' dir='ltr'><strong>detra·</strong></span> 
     </span>
    </p>
   </div>
   <div class='ocr_carea' id='block_1_5' title="bbox 0 0 1460 5000">
    <p class='ocr_par' dir='ltr' id='par_1_9' title="bbox 0 0 1460 5000">
     <span class='ocr_line' id='line_1_39' title="bbox 0 0 1460 5000; baseline 0 2"><span class='ocrx_word' id='word_1_255' title='bbox 0 0 1460 5000; x_wconf 95' lang='lat' dir='ltr'><strong> </strong></span> 
     </span>
    </p>
   </div>
  </div>
 </body>
</html>
