2912 5000
280 431 347 498 ,εγω
388 413 475 480 Lm.
497 409 793 484 1.csr.1v,1>n
817 417 974 474 stenne-
993 422 1043 476 ar
1066 425 1234 498 exquir.

367 575 582 662 iunguntur
601 575 725 639 fibrae
744 559 980 638 musc'uleres
999 576 1103 641 inter
1124 598 1163 642 se
1182 584 1324 648 etcum

229 737 233 748 ,
282 681 417 744 tunica
450 677 635 742 interiore
662 693 732 759 ope
754 681 890 740 textus»
910 675 1105 756 cellulosi,
1136 681 1222 744 etire
1251 682 1323 748 im·

281 783 393 878 pulso
416 781 458 846 in
477 777 845 862 telaebomhyeinee
866 777 1033 862 speciem
1055 781 1325 859 mutandi‚co-

279 884 402 970 piosis
423 881 589 947 vasculis
609 879 836 964 perreptati.
859 879 1038 966 Sequitur
1060 884 1197 946 tunica
1213 903 1325 968 pro-

279 990 396 1072 prie
419 1007 484 1049 seu
504 1007 530 1049 n
542 1005 655 1048 ervo
668 1005 710 1060 a,
740 1003 921 1078 muoosae
949 983 1106 1048 tunicae
1128 1003 1324 1072 propago,

277 1092 522 1183 praecipuam
544 1085 716 1180 efficiens
738 1087 887 1152 vesicae
907 1088 1196 1164 membranam,
1220 1090 1325 1156 vasis

280 1193 445 1280 copiosis
483 1198 520 1255 et
546 1190 758 1274 muciparis
790 1189 985 1273 glandulis
1011 1189 1221 1267 instructa,
1244 1194 1328 1278 epi-

278 1298 451 1364 dermide
471 1295 615 1367 vestita
634 1293 696 1378 (§.
720 1312 789 1357 121.
806 1294 837 1377 ).
869 1291 1078 1376 Quiavero
1109 1295 1277 1360 vesicam
1301 1319 1329 1368 a

277 1405 383 1491 luotio'
398 1383 599 1466 cumulato·
615 1398 724 1463 tendi
745 1402 918 1480 oportet,
939 1381 1072 1462 eadem
1095 1401 1327 1467 membrana

276 1525 521 1574 mucoserum
542 1503 761 1569 tunicarum
792 1522 898 1565 more
919 1499 978 1583 (ᾗ.
1005 1505 1133 1590 123.),
1155 1497 1195 1568 in
1215 1510 1325 1571 statu

277 1615 475 1678 contracto
498 1607 669 1691 copiosas
693 1607 775 1689 egit
800 1605 936 1687 plicas.
968 1611 998 1670 A
1023 1606 1325 1674 calculo‘irrita.

274 1723 318 1780 ta
339 1716 432 1778 haec
454 1713 588 1776 tunica
601 1754 613 1788 ‚
633 1728 729 1794 eque
753 1707 842 1772 eliis
870 1709 1060 1773 morbosis
1093 1711 1326 1775 adfectioni-

273 1818 344 1882 bus
366 1814 548 1898 impetita
559 1811 745 1886 ‚nimium
762 1829 873 1892 saepe
891 1810 1127 1876 incrassatur
1146 1813 1203 1899 e).
1235 1813 1326 1878 Fol-

273 1917 385 1982 liouli
408 1914 599 1997 muciperi
624 1913 665 1976 in
699 1913 1039 1992 cervicevesicae,
1069 1915 1244 2000 circaque
1278 1937 1325 1981 o·

274 2023 351 2086 stie
375 2028 595 2094 ureterum,
616 2018 722 2082 milii
748 2039 860 2104 saepe
884 2020 1191 2104 magnitudinis,
1215 2021 1324 2104 copi-

272 2145 360 2190 osae
387 2125 651 2190 inveniuntur.
691 2124 878 2188 Lubrioet
907 2143 1041 2188 muone
1078 2125 1247 2190 vesicam
1280 2133 1324 2193 et

271 2233 403 2295 tuetur
430 2228 479 2291 eb
508 2227 588 2290 acri
617 2217 753 2290 urinae
780 2227 963 2309 stimulo,
990 2227 1183 2312 siquidem
1212 2247 1322 2296 secus

270 2329 405 2399 tunica
426 2335 604 2405 mtroose,
633 2330 736 2395 circa
759 2331 903 2394 collum
934 2330 1162 2414 praeprimis
1186 2331 1323 2398 admo-

270 2433 365 2500 dum
386 2433 603 2509 sensibilis,
621 2452 749 2498 eorem
768 2433 859 2498 lotii
885 2433 1150 2501 irritationem
1171 2438 1324 2520 perfer-

270 2559 312 2604 re
330 2537 437 2603 haud
457 2542 586 2620 posset
606 2539 683 2618 et).

351 2703 526 2794 Arteriae
549 2698 731 2768 vesicales
754 2725 773 2766 e
794 2703 1093 2788 hypogastricae
1114 2708 1254 2782 remis,
1267 2710 1318 2774 ab

266 2801 596 2872 haemorrhoidea
628 2803 758 2876 media
787 2812 825 2868 et
854 2797 1074 2872 umbilicali
1117 2810 1318 2880 oriuntur,

264 2909 467 2980 Adcedunt
484 2916 689 2995 utrumque
716 2908 870 2974 vesicae·
895 2909 1018 2987 latus,
1048 2909 1250 2976 discedunt
1271 2911 1317 2978 in

265 3035 394 3080 remos
426 3012 613 3089 subtiles,
642 3018 767 3077 strate
797 3011 998 3076 cellularia
1029 3019 1316 3098 perreptentee,

265 3117 422 3180 tunicae
444 3115 652 3180 musculeri
682 3115 853 3179 surculos
875 3114 1096 3192 mittentes,
1116 3139 1156 3182 ao
1177 3137 1316 3183 vescu-

264 3218 305 3282 la
330 3218 554 3282 exhalantia
582 3209 621 3282 et
648 3217 884 3284 secernentia
915 3218 958 3282 in
980 3237 1176 3284 mucosum
1206 3217 1314 3282 tuni-

265 3337 350 3382 cam
372 3321 585 3386 mittentes.
609 3321 734 3386 Venae
754 3322 909 3404 plexum
929 3319 1103 3385 formant
1124 3319 1223 3385 circa
1245 3341 1313 3386 ve·-

263 3413 409 3495 eicam,
434 3440 549 3507 equo
576 3423 678 3488 rami
711 3423 854 3488 incerti
880 3417 1032 3486 numeri
1065 3423 1312 3500 exoriuntur,

262 3521 313 3586 ed
344 3541 484 3586 venem
524 3523 845 3610 hypogastricam
888 3523 1113 3602 tendentes,
1145 3526 1187 3590 in
1224 3525 1311 3589 viro

261 3644 350 3690 cum
389 3619 814 3704 haemorrhoidaiibus,
845 3627 887 3691 in
917 3626 1074 3692 feminis
1103 3648 1193 3692 vero
1224 3647 1312 3696 cum

257 3729 425 3794 uterinis
466 3733 793 3801 communicantes
824 3737 877 3822 i).
918 3735 1016 3801 Vasa
1059 3733 1307 3802 absorbentia

231 3834 483 3919 ‘sanguifera
514 3835 677 3920 cingunt
716 3861 809 3906 vasa
825 3884 838 3918 ,
867 3845 905 3904 et
934 3842 1076 3908 abeunt
1108 3841 1149 3906 in
1184 3839 1312 3926 peivie

258 3936 477 4021 glandulas.
518 3938 632 4003 Nervi
660 3939 816 4008 cervicis
847 3939 895 4006 ad
928 3941 1085 4010 infimos
1119 3943 1307 4020 secrales,

255 4039 350 4118 reliq
369 4061 440 4105 uae
472 4046 603 4106 autem
632 4043 783 4114 vesicae
813 4043 861 4112 ai
881 4045 1197 4134 hypogestricum
1225 4049 1309 4112 ten·

241 4139 351 4208 'dunt
373 4141 541 4228 plexum·
