2892 5004
264 417 314 487 ’44
375 403 1221 481 maten.1.Drsnussr.snsum1ors.

268 561 303 632 §-
321 559 374 623 28.
393 573 432 616 n.
462 555 535 635 11.)
557 551 771 628 uniuntur-3
793 551 866 614 ista
894 568 986 611 vero
1004 567 1124 639 ,cursu
1142 547 1328 632 flexuoso
1425 615 1426 618 ,

267 677 381 740 super
402 654 574 719 medium
600 655 725 717 ferme
745 657 995 744 masseterem
1016 653 1079 738 ad,
1094 652 1332 716 buccinato-

265 759 322 828 ris
342 762 496 842 partem
516 759 787 844 pharyngeam
801 755 953 829 tendit,
978 757 1082 838 cujus
1105 755 1224 820 fibras
1250 755 1329 820 ob·

266 863 373 949 lique
396 853 618 951 percurrit,
648 862 768 924 donec
799 876 995 923 mucosam
1025 861 1165 924 buccae
1197 879 1328 922 mem-

263 967 430 1031 branam
449 963 498 1027 ad
517 963 723 1032 secundum
745 963 808 1026 vel
829 962 990 1025 tertium
1010 965 1201 1024 molarem
1222 961 1326 1024 den·

131 1049 149 1110 .'
265 1067 544 1150 tem„papilla
573 1067 680 1129 omni
710 1065 936 1140 destitutus,
959 1065 1143 1146 perforat.
1182 1061 1326 1126 Provi-
1425 1123 1426 1126 ,

264 1171 378 1240 detur
397 1173 491 1260 haec
519 1171 705 1256 glandula
734 1173 925 1272 copiosis„
947 1170 1129 1234 brevibus
1150 1176 1188 1234 et
1212 1193 1325 1235 cras-

263 1279 317 1343 sis
338 1278 569 1344 arteriarum
586 1279 729 1352 ramis,
751 1299 773 1340 a
796 1276 968 1341 carotida
1000 1275 1137 1356 latiali
1156 1276 1324 1340 venien-

260 1379 387 1455 tibusa
404 1379 477 1442 Nau
496 1379 610 1462 pauci
631 1385 723 1442 sunt
740 1379 871 1454 nervi,
896 1379 963 1463 qui
985 1375 1205 1459 parotidem
1223 1380 1321 1441 sub-

259 1488 390 1564 eunt,
417 1481 467 1546 ad
498 1485 852 1548 communicantem
888 1482 1006 1546 faciei
1038 1488 1077 1544 et
1109 1482 1323 1552 cervicales

261 1583 488 1659 tendentes,
507 1584 608 1648 unde
628 1587 666 1647 e't
684 1571 856 1660 maximo
877 1586 980 1674 inter
998 1586 1180 1651 salivales
1201 1587 1320 1670 glan·

261 1689 373 1758 dulas
394 1687 535 1775 gaudet
556 1707 681 1754 sensu.
1182 1687 1188 1720 ¹

349 1853 518 1930 Minores
539 1858 630 1921 sunt
642 1873 665 1937 ¹s
679 1871 704 1914 u
716 1853 740 1915 b
752 1873 791 1916 m
804 1875 827 1916 a
840 1875 862 1918 x
873 1846 910 1916 it
920 1854 934 1916 1
946 1875 968 1917 a
979 1877 998 1918 ι·
1011 1875 1059 1918 es
1081 1833 1290 1940 glandulae
1305 1896 1322 1934 ,

257 1959 308 2025 'in
329 1959 431 2021 facie
460 1957 617 2020 interna
645 1957 830 2022 maxillae
859 1958 1085 2035 inferioris,
1109 1959 1158 2022 ad
1191 1975 1320 2042 angu-

158 2105 163 2119 .
262 2064 345 2126 lum
368 2065 446 2144 ejus
476 2059 576 2132 sitae
588 2105 601 2137 ,
625 2060 808 2126 musculis
834 2061 1042 2145 digestrieo
1065 2066 1104 2124 et
1134 2062 1322 2146 mylolry·

262 2163 375 2230 oideo
400 2168 536 2230 tectae.
559 2159 755 2227 Molliores
785 2162 861 2227 hae
890 2171 981 2229 sunt
1004 2185 1045 2228 ac
1065 2165 1238 2247 parotis3
1261 2167 1321 2229 si·
1425 2215 1426 2218 η

260 2269 399 2334 milam
418 2273 551 2332 tamen
572 2267 719 2331 hahent
740 2269 945 2332 fabricam.
976 2270 1122 2333 Ductus
1145 2275 1320 2337 excreta.

262 2371 345 2438 rius
368 2371 502 2435 unicus
528 2371 595 2434 hic
613 2389 764 2456 quoquo
796 2378 877 2447 est,
901 2373 1319 2438 Whartonianus

261 2472 411 2549 dictus,
431 2473 663 2565 Stenoniano
685 2474 865 2552 tenuior,
888 2475 955 2558 qui
975 2475 1079 2538 inter
1108 2475 1319 2552 musculos,

125 2565 140 2585 ⁸
261 2577 419 2670 linguae
441 2575 629 2659 subjectos
642 2620 653 2654 ‚
672 2576 720 2638 ad
749 2577 945 2640 frenulum
969 2575 1243 2659 progreditur,
1264 2577 1318 2642 ad

226 2677 227 2686 ¹
263 2683 370 2767 cujus
391 2683 516 2748 finam
529 2726 541 2760 ,
562 2681 751 2766 papillam
774 2681 1003 2756 formando,
1028 2682 1104 2746 oris
1136 2688 1320 2764 penetrat

146 2813 154 2822 ·
261 2804 413 2854 cavum.
444 2783 620 2850 Arteriae
641 2784 933 2848 submaxillaris
961 2783 1165 2876 glandulae
1186 2807 1210 2848 a
1227 2798 1317 2852 ma-

52 2925 55 2933 -
93 2886 97 2900 '
157 2912 164 2930 ·
262 2889 399 2954 xillari
421 2894 579 2954 externa
598 2892 637 2952 et
657 2887 824 2971 linguali
848 2888 1041 2954 oriuntur.
1075 2891 1215 2956 Nervos
1240 2892 1346 2966 ha·,

229 3035 232 3042 ι
259 2989 332 3070 ὕει,
351 2989 570 3066 molliores,
594 2989 643 3054 ad
661 2989 846 3072 ganglion
866 2989 968 3052 rami
995 2989 1181 3074 lingualis
1207 2992 1316 3075 paris

258 3091 390 3177 quinti
413 3092 636 3170 tendentes,
659 3093 816 3160 undeet
836 3112 950 3158 sensu
975 3092 1195 3160 obscuriore
1218 3113 1316 3180 gau-

259 3193 338 3260 det.

341 3353 517 3420 Tertium
545 3363 583 3422 et
614 3358 820 3424 minimum
850 3357 1122 3444 glandularum
1151 3361 1315 3425 ⁴saliva..

257 3461 357 3526 lium
397 3481 466 3544 par
496 3464 866 3547 sublinguales
900 3466 1146 3529 tonstituunt
1167 3509 1179 3540 ,
1214 3485 1316 3551 quas
1407 3467 1410 3472 “

257 3567 443 3652 utrinque
465 3569 535 3634 sub
557 3568 712 3653 lingua,
732 3569 905 3636 musculo
939 3570 1215 3656 mylohyoideo
1247 3572 1310 3635 in·

254 3669 499 3749 sumbontes,
522 3660 703 3738 existunt.
736 3675 933 3740 Molliores
963 3677 1037 3740 hae
1070 3683 1159 3741 sunt
1180 3721 1190 3756 ,
1209 3677 1311 3761 figu-

232 3791 324 3838 rae
353 3773 566 3860 oblongae,
591 3775 763 3860 ejusdem
803 3763 935 3866 tamen
966 3778 1169 3860 fabricae3
1195 3779 1311 3846 ductu

255 3876 507 3960 potissimum
536 3877 701 3962 gaudent
732 3881 844 3946 unico
857 3923 870 3961 ,
900 3883 928 3946 B
942 3903 964 3944 a
977 3882 1091 3948 rtho
1105 3883 1145 3946 li
1160 3883 1245 3949 nia
1256 3903 1312 3948 no

256 3977 361 4044 dicto
374 4023 385 4056 ,
408 3979 474 4064 'qui
502 3981 694 4064 singulari
723 3983 848 4062 ostio,
870 3981 1159 4050 What-tuniano
1186 3985 1311 4050 finiti·

256 4081 612 4158 mo‚terminatur,
635 4083 697 4148 vel
711 4103 797 4150 cum
818 4085 894 4150 isto
913 4085 955 4149 in
979 4104 1098 4149 unum
1123 4082 1329 4172 confluit}¹

254 4201 366 4266 saepe
383 4179 526 4247 adsunt
544 4181 672 4264 plures
696 4187 902 4254 excretorii
922 4185 1096 4261 ductuli,
1119 4181 1310 4248 Riveri·

252 4285 363 4370 cui,
382 4285 431 4356 ad
452 4285 609 4398 linguae
629 4289 827 4362 irenulum
850 4293 1056 4364 humorem
1085 4289 1311 4390 fundentes
