2922 4996
156 385 260 451 sucr.
273 385 390 450 ILDn
403 395 518 450 curer
528 395 707 449 renuis.
720 381 748 447 1.
760 395 968 450 incessis.
982 397 1168 470 πωπω

205 525 427 594 Peculiaris‘
446 533 577 592 eutem
606 526 778 591 fabricae
800 502 973 592 ‘interior
1006 535 1166 612 apparet

122 635 278 700 tunicae
297 635 459 697 villosae
478 629 608 694 iacies.
630 629 757 694 Plicae
779 647 915 712 nempe
926 634 1167 696 transversa·

122 739 177 802 les
202 743 269 802 aut
289 735 470 822 obliquae
489 731 623 820 variae
643 731 865 798 latitudinis
890 738 929 796 et
951 733 1165 818 longitudi-

121 841 205 916 nis,
228 841 277 904 ad
298 857 418 912 unum
440 835 593 902 circiter
611 833 794 916 pollicem
817 855 840 897 a
857 835 997 920 pyloro
1021 835 1165 920 incipi·

122 947 253 1020 entes,
274 941 435 1004 nume‘ro
456 934 547 1000 dein
566 943 604 1002 et
625 933 887 1020 amplitudine
907 940 1040 1000 auctae
1053 957 1162 1011 ,ver-

121 1067 259 1132 susque
274 1046 394 1108 finem
414 1041 542 1108 tenuis
570 1041 750 1110 intestini
768 1059 901 1143 rursus
922 1039 1162 1122 deficientes,

121 1149 257 1212 molles
290 1147 530 1221 admodum,
560 1143 726 1210 tomenti
754 1144 911 1218 cericei,
939 1163 1026 1210 cum
1054 1145 1163 1212 villis

121 1272 211 1316 mox
227 1251 425 1326 dicendis,
447 1248 571 1313 tactui
592 1249 758 1314 offerunt
777 1249 956 1332 speciem.
979 1250 1074 1314 Sunt
1094 1271 1164 1314 eu·

121 1359 201 1417 tem
232 1355 305 1418 hae
335 1354 461 1438 plicae
494 1349 784 1436 (valvulaa
817 1351 1164 1418 conniventes

125 1461 157 1522 ll
169 1479 189 1520 e
202 1480 222 1520 r
235 1477 252 1518 c
265 1457 342 1520 kri
356 1479 380 1520 n
390 1453 464 1542 gii
480 1454 495 1540 )
520 1453 687 1536 triplicis
713 1455 795 1517 fere
814 1453 960 1518 ordinis
974 1477 985 1514 s
1008 1453 1165 1539 aliquae

122 1565 343 1628 constantes
365 1561 476 1631 sunt,
498 1561 536 1618 et
553 1560 787 1620 concurrunt
803 1555 851 1618 ed
883 1555 1168 1623 formationem

122 1683 254 1726 earum
287 1662 405 1752 etiam
437 1659 573 1722 tunica
597 1659 799 1722 vasculosa
842 1663 880 1722 et
908 1659 1161 1742 musculari23

125 1759 227 1824 aliae
255 1783 278 1825 a
306 1761 452 1842 maiore
473 1779 652 1826 mucosee
674 1759 832 1824 tunicae
854 1761 1005 1824 ambitu
1033 1767 1165 1842 ortae,

122 1861 277 1926 diducto
296 1863 483 1928 intestino
505 1863 586 1927 iere
619 1862 843 1946 dispersum
875 1861 1040 1948 denique
1073 1870 1164 1930 sunt
1260 1879 1266 1890 '

123 1983 210 2038 eae,
241 1983 336 2049 quae
370 1985 393 2028 a
419 1963 511 2028 viva
540 1962 731 2028 fibrarum
759 1963 1038 2028 muscularium
1068 1983 1166 2032 con·v

120 2065 310 2129 tructione
335 2065 535 2141 oriuntur,
555 2085 622 2130 neo
643 2063 737 2130 adeo
761 2065 803 2130 in
834 2065 1015 2130 cadavere
1045 2087 1165 2150 appa·
1198 2077 1202 2090 ¹

23 2231 24 2236 ,
119 2156 222 2240 rent.¹
240 2173 389 2252 Augent
410 2169 483 2234 hee
505 2169 687 2235 valvulae
708 2169 951 2254 superficiem
977 2171 1165 2238 exhalau-

23 2261 24 2264 '
119 2275 201 2336 tem
220 2277 258 2337 at
276 2273 548 2338 absorbentem
566 2273 751 2340 intestini
770 2277 921 2354 tenuis3
952 2276 1166 2344 concedunt

112 2370 246 2438 'canali
267 2375 434 2440 nutritio
452 2376 707 2440 necessariam
736 2376 1026 2444 ductilitatems
1057 2379 1166 2446 deni-

120 2500 190 2566 que
209 2485 410 2544 morantur
428 2481 639 2544 transitum
671 2481 826 2566 chymi‚
858 2499 932 2566 quo
961 2479 1166 2552 sufficiens
1250 2534 1254 2561 η,

120 2585 171 2650 sit
188 2591 340 2667 tempus
361 2580 649 2668 chylificationi
670 2589 710 2648 et
730 2583 972 2668 absorptioni
1001 2584 1063 2674 b).

199 2729 398 2798 Attentius
418 2729 585 2793 lustrata
605 2715 749 2794 intima
765 2727 861 2794 haec
890 2731 1071 2795 intestini
1105 2739 1163 2798 te·

118 2837 203 2900 nuic
227 2831 372 2906 tunica,
401 2831 569 2914 papillas
592 2831 743 2918 aliquas
764 2831 921 2898 exbibet
935 2873 946 2904 ‚
975 2850 1038 2894 seu
1066 2834 1163 2900 vil·

118 2935 192 3000 los
213 2939 281 2998 aut
310 2934 447 3000 floccos
481 2934 716 3019 peculiares,
746 2934 885 2999 subtili
915 2933 1165 3016 duplicatum

118 3039 198 3118 ejus
221 3039 398 3118 tunicae,
416 3057 460 3102 ac
489 3057 668 3103 vasorum
698 3038 1004 3122 sanguiserorum
1038 3045 1076 3104 et
1106 3045 1165 3110 le·

118 3151 292 3211 eteorum
315 3151 496 3212 contextu
517 3141 715 3210 conflatos.
749 3147 912 3231 Maiores
947 3157 1161 3234 apparent,

23 3307 24 3310 ,
102 3263 103 3268 ’
119 3251 313 3336 longiores
336 3257 374 3315 et
394 3237 675 3316 numerosiores
686 3291 698 3326 ,
716 3258 833 3338 etque
850 3251 1059 3318 imbricum
1079 3276 1163 3321 mo-

116 3375 156 3419 re
177 3355 257 3427 sibi
285 3353 466 3438 impositi
486 3353 576 3418 villi
599 3354 647 3418 ad
680 3355 810 3421 tenuis
842 3355 1023 3422 intestini
1052 3359 1163 3428 initi·
1220 3376 1224 3384 '

117 3459 423 3539 umideficiunt
448 3457 708 3542 amplitudine
744 3465 783 3524 et
807 3479 967 3546 numero
1002 3461 1042 3526 in
1069 3482 1163 3548 pro·

116 3567 246 3650 ‘gressu
266 3586 397 3630 versus
418 3583 586 3628 cressum
605 3563 838 3628 intestinum
858 3563 1162 3657 c).Numerabat

115 3672 211 3735 olim
231 3669 500 3746 Linssnuiifln
520 3685 677 3750 5oo‚ooo
696 3668 835 3744 villos,
859 3676 898 3732 et
918 3660 1083 3753 subjecit
1095 3655 1161 3738 eoa

45 3823 48 3836 .
115 3774 414 3866 microscopicae
431 3762 697 3857 disquisitioni
722 3770 782 3858 d).
812 3769 1001 3836 credebat
1026 3780 1162 3844 eutem

67 3914 69 3920 ·
115 3877 342 3942 oellulosam
364 3865 444 3940 esse
462 3875 511 3940 iis
529 3879 568 3938 et
588 3871 828 3938 vasculosam
849 3879 1063 3950 texturam,
1077 3877 1160 3942 ein.

115 3977 325 4064 g'ulumque
345 3977 549 4064 flocculum
569 3979 842 4060 ampullam
861 3965 1022 4056 referre,
1035 3984 1157 4049 ostio*

117 4085 177 4157 lo,
196 4083 239 4148 in
262 4102 399 4148 cavum
424 4082 609 4148 intestini
626 4081 807 4164 patente,
835 4085 873 4146 et
902 4085 1058 4148 vasculo
1088 4084 1159 4148 ab·

115 4189 291 4255 sorbenti
310 4188 502 4272 originem
519 4187 729 4268 praebente
744 4229 754 4264 ,
768 4185 1020 4269 instructam,
1040 4193 1161 4271 atque
1285 4245 1286 4250 ,

116 4309 211 4358 vasa
228 4287 348 4358 etiem
361 4289 588 4402 ,sanguifere
608 4287 708 4354 inid
729 4290 840 4356 hiare
861 4291 1016 4357 ostium.
1039 4289 1156 4362 Simi-
