2922 4996
259 431 369 496 saer.
389 427 434 492 11.
454 429 512 494 De
531 443 654 494 carm
681 443 862 496 roruar.
880 429 937 496 IV.
961 442 1092 496 areu-5
1137 447 1198 516 153
1241 499 1245 504 .

151 591 344 638 concavae
370 571 493 634 daciei
523 569 542 652 (
565 571 647 634 hil
666 591 691 634 u
709 572 788 658 m)
823 573 1196 657 ingrediuntur-m.

151 679 305 742 Abeunt
327 675 427 740 rami
455 675 499 738 hi
521 669 700 738 artarioe'i
722 675 762 740 in
783 677 990 760 capillaria
1016 675 1198 754 vascula,

150 788 288 844 tenera
312 777 518 844 admodum
538 784 575 842 at
596 778 756 855 mollia,
779 801 962 846 venusam
984 782 1064 846 sera
1086 777 1197 843 indo-

151 889 232 950 lem
256 885 504 958 exhibentia,
522 883 638 966 inque
660 883 864 967 penicillos
890 883 1089 966 disposita.
1112 886 1197 948 Sur·

151 991 230 1055 cuii
249 1007 444 1052 ramorum
467 986 745 1070 principalium
766 1007 905 1070 paucas
923 989 1092 1054 invicem
1114 987 1197 1050 ina·

151 1099 224 1156 unt
246 1098 505 1156 anastomoeee
537 1091 593 1176 1);
612 1079 735 1170 major
763 1073 852 1154 uero
884 1097 940 1155 eat
970 1109 1056 1154 cum
1085 1091 1195 1152 venia

154 1193 458 1284 commpnicatio
472 1235 483 1268 ,
506 1199 549 1256 ut
575 1190 670 1257 adeo
696 1191 825 1257 facilia
855 1193 908 1259 eit
930 1169 1116 1256 materiai
1139 1191 1198 1256 in·

155 1302 281 1390 jactae
303 1295 489 1361 transitus
508 1297 583 1382 m).

236 1485 406 1565 Apparet
444 1501 488 1544 ex
521 1477 686 1543 arteriae
722 1475 880 1542 lienalie
915 1477 1196 1570 descriptione,

151 1587 323 1668 aplanem
346 1601 432 1648 eum
452 1585 609 1646 tantum
628 1577 796 1664 accipere
816 1565 1045 1663 sanguinem
1057 1623 1067 1656 ‚
1085 1598 1196 1666 quem

149 1686 388 1751 ventriculus
426 1683 594 1765 recipere
631 1682 799 1766 nequit;
830 1682 921 1746 inde
959 1683 1082 1766 igitur
1115 1690 1195 1758 eet,

149 1787 255 1874 quod
276 1785 476 1850 stomacho
498 1783 610 1865 pleno
633 1781 697 1866 (in
728 1784 919 1869 plerisque
939 1787 1078 1850 saltem
1100 1787 1195 1850 ceei-

151 1891 248 1978 bus)
268 1891 348 1954 lien
365 1891 566 1973 depleatur
578 1935 588 1969 ,
601 1909 718 1974 eoque
739 1889 893 1954 inanito
915 1893 989 1956 ieta
1010 1894 1195 1976 sanguina
1321 1927 1325 1936 ·

152 2003 330 2083 turgeat,
359 1995 558 2060 volumine
592 1999 790 2080 augeatur.
822 1998 865 2060 In
898 1997 1026 2080 primo
1057 2016 1196 2081 nempe

153 2121 245 2165 casu
268 2121 360 2164 vaca
389 2099 600 2163 ventriculi
633 2103 806 2164 tortuosa
838 2101 880 2164 in
913 2105 1039 2165 rectae
1061 2119 1196 2184 expor-

153 2205 338 2288 riguntur
358 2203 500 2276 lineae,
525 2221 599 2286 quo
623 2203 839 2284 capacitate
863 2209 1052 2287 augentur
1075 2209 1113 2266 et
1136 2203 1196 2266 fa·
1325 2235 1327 2244 <

153 2309 331 2381 'ciliorem
360 2306 573 2372 concedunt
601 2305 777 2371 humoris
808 2305 1029 2386 adfluxum3
1050 2307 1198 2373 accedit

151 2413 265 2488 dein,
288 2412 387 2498 quod
411 2407 637 2494 digestionis
658 2415 831 2496 tempora
861 2411 1017 2494 energia
1050 2411 1196 2476 ventri·

104 2569 111 2588 ,
151 2517 231 2580 culi
251 2521 458 2598 augeatur,
481 2513 639 2576 uberior
658 2513 832 2578 humoris
855 2513 1027 2578 adfluxus
1047 2533 1115 2597 per
1134 2515 1195 2578 in·

152 2623 352 2702 gestorum
382 2617 585 2681 stimulum
615 2621 839 2698 procuratur
860 2613 912 2698 (ς.
931 2633 983 2700 73.
1004 2617 1117 2702 vlt),
1136 2624 1194 2682 at·

155 2741 230 2806 que
250 2720 353 2784 succi
378 2717 538 2803 gastrici
558 2723 595 2782 et
618 2722 720 2782 muci
740 2719 901 2784 secretio
925 2719 1152 2784 concitetur.

237 2885 399 2948 Venae
420 2881 599 2962 lienalee,
622 2883 829 2948 admodum
849 2885 1005 2960 molles,
1028 2885 1193 2969 amplae,

152 2993 288 3060 breves
317 2993 356 3050 et
384 2986 552 3050 valvulis
586 2983 816 3062 destitutae,
843 2985 1010 3071 adeoque
1039 2989 1194 3072 sangui-

151 3110 243 3156 nem
265 3090 369 3154 lento
387 3109 465 3152 non
486 3085 564 3152 nisi
593 3089 732 3154 itinere
758 3095 1048 3172 promoventes,
1068 3091 1110 3180 in
1131 3111 1195 3156 ra-

152 3213 236 3258 mos
266 3192 409 3255 abeunt
436 3193 594 3274 pluras,
621 3192 687 3276 qui
719 3191 845 3271 hilum
877 3191 1114 3276 egredientes
1151 3193 1193 3260 in

149 3311 290 3357 vanam
311 3289 522 3376 junguntur
540 3276 944 3376 splenicam,ialtaram
966 3315 1084 3358 vanae
1105 3315 1193 3378 por·
1275 3307 1283 3330 ³

152 3396 285 3458 tarum
305 3395 473 3460 radicem
497 3395 551 3481 (ς.
569 3415 645 3478 290.
669 3415 706 3460 n.
723 3398 778 3484 2.)
804 3397 900 3480 m').

235 3556 448 3641 Sanguis
472 3557 720 3634 lienalis,
743 3559 955 3622 Hallero
978 3563 1015 3621 et
1040 3559 1194 3640 eiusdi-

150 3661 300 3743 ecipulo
326 3663 588 3740 Roloffio,
612 3670 726 3748 atque
758 3661 1006 3728 Meclrelio
1039 3687 1111 3727 avo
1137 3670 1194 3726 te-

150 3764 297 3839 ctibus,
317 3764 527 3846 peculiaria
558 3771 614 3830 est
636 3765 805 3842 indolis,
839 3763 1191 3846 inflammabilibue

151 3867 319 3951 pariter,
331 3873 375 3932 ut
399 3888 518 3931 venae
538 3875 739 3952 porterum
761 3867 1193 3950 humor(§§.286.2921.),

152 3973 369 4038 abundans.
399 3975 550 4037 Etenim
582 3971 766 4048 fluidior,
787 3991 983 4059 nunquam
1016 3969 1192 4052 congelea

150 4085 212 4142 tua
233 4083 271 4141 et
290 4079 483 4144 tristioris'
496 4077 633 4142 coloris
654 4077 867 4162 reperitur,
887 4097 956 4140 nec
979 4081 1059 4138 arte
1078 4073 1193 4136 facila

152 4183 314 4264 cogitur.
345 4183 622 4266 Destillatipne
642 4183 727 4266 plus
748 4179 912 4264 largitur
935 4195 1056 4264 aquae
1080 4195 1194 4260 quam

154 4284 324 4354 aliarum
345 4305 531 4356 venarum
553 4278 729 4374 sanguia,
747 4287 833 4370 plue
853 4281 971 4360 etiam
992 4275 1204 4358 ammonii,
