2892 5004
290 445 334 512 84
374 435 463 502 Lm.
480 381 508 496 ΙΙ.
529 432 620 496 cnr.
643 389 1252 500 l1.Duuc1uunr.nrcasr1our.
1305 453 1312 460 ·

290 588 343 651 les
365 581 498 669 prodit
514 559 745 666 qualitates,
766 595 862 662 quaa
887 577 928 640 in
945 577 1055 641 nulla
1075 578 1246 661 simplici
1268 582 1341 644 aut

293 686 508 772 composita
529 681 747 746 substantia
767 669 1013 762 reperiuntur
1041 680 1093 760 (ς.
1126 683 1237 770 282).
1271 685 1336 748 se.

292 791 414 854 cretio
437 793 567 852 autem
589 781 766 846 humoris
787 779 899 846 istius
923 803 945 846 a
962 782 1192 847 vitalitate
1189 805 1338 850 nervo·

120 911 124 918 ’
227 947 228 952 ,
267 913 377 968 ωτι
399 884 932 954 etvasorumoecernentium
953 885 1108 966 penitus
1140 885 1336 988 guberna·

289 1001 378 1070 tur,
397 990 499 1077 quod
517 989 597 1054 vel
606 985 774 1049 maxime
794 985 1064 1084 pathematum
1079 991 1116 1048 et
1134 967 1257 1048 animi
1247 983 1338 1048 ¹·ad

288 1100 486 1168 reatuum,
516 1087 914 1173 d1gest10nemsub1t0
928 1073 986 1150 la
978 1085 1191 1163 dentium,
1212 1091 1337 1152 osten-

291 1201 351 1262 dit
371 1198 532 1262 effectus
556 1190 736 1256 Advertit
757 1189 905 1254 deinB.
925 1191 963 1256 O.
992 1191 1186 1264 Brome,
1197 1192 1338 1255 rescis-

288 1305 340 1366 sis
362 1299 490 1364 nervis
513 1293 720 1378 parisvagi
745 1299 782 1358 et
806 1275 1333 1402 sympatlrlci‚aecretionem

288 1405 391 1471 succi
412 1398 570 1486 gasti-ici
590 1395 767 1466 cohiberi
793 1395 847 1481 *).

371 1546 414 1630 2)
438 1539 637 1614 Permulta
656 1537 794 1601 docent
817 1535 1103 1620 experimenta,
1126 1555 1246 1604 nervo
1265 1559 1335 1608 va-

231 1645 234 1658 ’
288 1673 336 1739 go
360 1672 406 1714 ea
428 1647 580 1710 ratione
602 1642 705 1704 laeso
718 1681 729 1716 ,
740 1646 792 1703 ut
811 1633 1118 1723 imponderabile
1139 1645 1334 1712 bioticum

288 1748 506 1824 ventriculo
536 1743 731 1810 adducere
752 1748 789 1807 et
816 1729 1058 1810 vitalitatem
1087 1746 1165 1830 ejus
1196 1751 1337 1832 organi

289 1875 519 1925 conservare
540 1872 619 1914 non
639 1849 806 1933 amplius
827 1851 973 1932 poscit,
995 1854 1186 1918 stomachi
1199 1854 1336 1922 officia

286 1955 609 2052 protinuslaedi.
632 1955 790 2019 Resecto
811 1953 915 2018 enim
936 1975 979 2018 eo
1002 1976 1210 2024 nervorum
1245 1964 1332 2046 pari

286 2067 526 2139 ventriculus
546 2060 709 2144 rpaatice
731 2058 1001 2134 contrahitur,
1014 2057 1146 2127 ‘cietur
1161 2065 1332 2130 vomitus

216 2154 220 2164 ¹
287 2177 377 2276 t⁴),
405 2170 485 2248 vel
483 2166 688 2231 relaxatur
708 2161 826 2238 adeo,
849 2167 891 2226 ut
913 2183 936 2224 a
968 2171 1092 2230 morte
1121 2153 1332 2233 admodum

287 2272 475 2360 expansus
495 2266 717 2349 inveniatur
739 2268 796 2348 a).
827 2265 980 2330 Similes
1010 2263 1169 2332 effectus
1203 2272 1333 2337 obser·

284 2383 430 2449 verunt
460 2376 595 2438 Banna
628 2375 665 2433 et
693 2371 884 2446 ancan,
916 2357 1052 2433 etiam
1066 2393 1087 2435 a
1116 2372 1295 2454 ligatis'
1283 2379 1333 2443 ria

222 2539 225 2544 .
284 2482 438 2570 nervis,
462 2483 498 2541 et
522 2472 756 2539 videbantur
776 2471 895 2536 etiam
918 2471 996 2535 cibi
1016 2476 1190 2576 corrupti
1211 2477 1331 2545 fuisse

278 2591 351 2678 b),
370 2585 433 2650 vel
454 2582 530 2646 salt
534 2595 593 2640 em
621 2574 808 2657 indigesti
833 2581 1081 2654 manserunt,
1095 2599 1162 2641 nec
1186 2585 1327 2672 ampli-

283 2715 328 2760 us
348 2691 476 2758 cibum
496 2683 720 2750 sumserunt
743 2677 932 2744 animalia
956 2685 1042 2762 post
1065 2685 1332 2764 operationem
1402 2717 1412 2740 ·

283 2819 370 2870 eam
393 2795 447 2881 c).
469 2790 629 2856 Easdem
648 2785 933 2850 observationes
958 2784 1238 2853 confirmarunt
1259 2812 1330 2856 ex.
1437 2815 1438 2822 κ

280 2897 510 2993 perimentis
532 2913 652 2976 nuper
672 2889 866 2974 institutis
883 2891 1095 2956 Dvcflouou
1106 2891 1151 2956 de
1163 2895 1189 2958 B
1202 2890 1214 2958 l
1226 2915 1246 2958 a
1260 2896 1330 2961 in·

283 3009 416 3086 ville
449 3001 494 3088 d)
530 3004 567 3062 et
600 3002 641 3067 A.
664 2997 702 3059 F.
737 2997 914 3059 EMMERT
945 2995 1000 3082 e).
1031 2994 1205 3082 Denique
1239 3008 1348 3090 (3011.¹

183 3139 186 3148 ·
285 3113 450 3185 vellitur
469 3102 704 3168 animalium
724 3099 988 3174 ventriculus,
1011 3118 1095 3163 cum
1116 3121 1254 3167 nervus
1265 3125 1331 3170 vu-

284 3235 353 3301 gun
381 3203 614 3276 mechanice'
631 3209 699 3268 eut
730 3201 907 3288 chemice·
930 3201 1179 3286 stimulatur,
1209 3206 1329 3275 etiam

283 3326 391 3391 tum,
409 3311 478 3376 ubi
496 3309 536 3374 id
560 3309 601 3372 in
622 3306 830 3372 remotiore
849 3304 989 3370 eccidit
1009 3304 1107 3374 loco.

367 3481 427 3569 3)
437 3466 646 3544 Peculiarls
659 3490 860 3536 consensus
872 3511 882 3544 ,
896 3469 1073 3558 quainter
1084 3471 1328 3538 stomachum

286 3597 324 3654 et
343 3581 539 3651 cerebrum
559 3578 684 3662 viget,
709 3575 804 3639 satis
827 3573 1017 3668 ostendit,
1037 3573 1079 3639 id
1096 3576 1221 3672 viscus
1240 3577 1329 3642 ner·

282 3709 422 3760 vorum
441 3682 631 3772 potestati
652 3679 808 3764 penitus
840 3662 1056 3763 subjectum
1088 3701 1186 3747 esse.
1214 3683 1331 3746 Ence-

212 3805 225 3822 “
280 3795 403 3884 phale
424 3787 691 3862 inflammato,
711 3781 864 3866 alraque
883 3783 1035 3852 rat1one
1066 3783 1239 3861 adfecto,
1268 3785 1331 3850 vel

282 3898 487 3984 peregrino
509 3887 678 3977 quodam
700 3885 860 3950 stimulo
883 3885 1068 3963 irritato,
1085 3889 1255 3960 vomitus
1270 3911 1329 3955 se-

247 4025 251 4036 ’
284 4006 440 4090 quitur,
462 4001 528 4061 aut
538 3995 616 4058 alio
637 3989 751 4056 modo
766 3991 1211 4060 adficiturventriculus.
1233 3997 1331 4060 Tor·

280 4111 398 4193 pente
417 4122 440 4164 a
466 4117 579 4162 causa
598 4096 827 4159 mechanica
845 4097 906 4160 vol
929 4096 1140 4182 dynamica
1159 4097 1347 4178 cerebro„

284 4215 330 4274 ut
351 4208 394 4270 in
413 4199 547 4266 mania
565 4205 603 4263 et
626 4198 832 4282 apoplexia
855 4199 1052 4278 videmus,
1074 4200 1330 4268 irritabilitaa

283 4305 497 4382 uentriculi
515 4324 628 4392 caepe
650 4304 709 4368 ita
730 4304 986 4392 deprimitur,
999 4307 1215 4390 utmajorac
1230 4283 1331 4374 eme·
