<?xml version="1.0" encoding="UTF-8"?>
<!DOCTYPE html PUBLIC "-//W3C//DTD XHTML 1.0 Transitional//EN"
    "http://www.w3.org/TR/xhtml1/DTD/xhtml1-transitional.dtd">
<html xmlns="http://www.w3.org/1999/xhtml" xml:lang="en" lang="en">
 <head>
  <title>
</title>
<meta http-equiv="Content-Type" content="text/html;charset=utf-8" />
  <meta name='ocr-system' content='tesseract 3.04.00' />
  <meta name='ocr-capabilities' content='ocr_page ocr_carea ocr_par ocr_line ocrx_word'/>
</head>
<body>
  <div class='ocr_page' id='page_1' title='image "./physiologiamedi03lenhgoog_0152.png"; bbox 0 0 2922 4996; ppageno 0'>
   <div class='ocr_carea' id='block_1_1' title="bbox 295 411 1212 504">
    <p class='ocr_par' dir='ltr' id='par_1_1' title="bbox 295 411 1212 504">
     <span class='ocr_line' id='line_1_1' title="bbox 295 411 1212 504; baseline -0.002 -16"><span class='ocrx_word' id='word_1_1' title='bbox 295 424 400 488; x_wconf 76' lang='lat' dir='ltr'><strong>seor.</strong></span> <span class='ocrx_word' id='word_1_2' title='bbox 417 421 461 488; x_wconf 87' lang='lat' dir='ltr'><strong>ll.</strong></span> <span class='ocrx_word' id='word_1_3' title='bbox 484 421 543 486; x_wconf 83' lang='lat' dir='ltr'><strong>Dr</strong></span> <span class='ocrx_word' id='word_1_4' title='bbox 562 435 683 486; x_wconf 79' lang='lat' dir='ltr'><strong>orm</strong></span> <span class='ocrx_word' id='word_1_5' title='bbox 705 430 884 490; x_wconf 72' lang='lat' dir='ltr'><strong>ronnas.</strong></span> <span class='ocrx_word' id='word_1_6' title='bbox 905 417 964 486; x_wconf 85' lang='lat' dir='ltr'><strong>1v.</strong></span> <span class='ocrx_word' id='word_1_7' title='bbox 984 411 1108 484; x_wconf 58' lang='lat' dir='ltr'><strong>orer?</strong></span> <span class='ocrx_word' id='word_1_8' title='bbox 1154 435 1212 504; x_wconf 79' lang='lat'><strong>¹5¹</strong></span> 
     </span>
    </p>
   </div>
   <div class='ocr_carea' id='block_1_2' title="bbox 39 551 1210 648">
    <p class='ocr_par' dir='ltr' id='par_1_2' title="bbox 39 551 1210 648">
     <span class='ocr_line' id='line_1_2' title="bbox 39 551 1210 648; baseline -0.004 -15"><span class='ocrx_word' id='word_1_9' title='bbox 39 551 40 554; x_wconf 8' lang='grc' dir='ltr'><strong>Ἴ</strong></span> <span class='ocrx_word' id='word_1_10' title='bbox 170 564 223 632; x_wconf 74' lang='lat' dir='ltr'><strong>ad</strong></span> <span class='ocrx_word' id='word_1_11' title='bbox 253 563 372 634; x_wconf 79' lang='lat' dir='ltr'><strong>finem</strong></span> <span class='ocrx_word' id='word_1_12' title='bbox 404 561 638 646; x_wconf 82' lang='lat' dir='ltr'><strong>superiorem</strong></span> <span class='ocrx_word' id='word_1_13' title='bbox 669 560 815 636; x_wconf 86' lang='lat' dir='ltr'><strong>lienis,</strong></span> <span class='ocrx_word' id='word_1_14' title='bbox 839 579 936 646; x_wconf 87' lang='lat' dir='ltr'><strong>quae</strong></span> <span class='ocrx_word' id='word_1_15' title='bbox 967 563 1210 648; x_wconf 74' lang='lat' dir='ltr'><strong>ligamen·</strong></span> 
     </span>
    </p>
   </div>
   <div class='ocr_carea' id='block_1_3' title="bbox 166 663 1211 1370">
    <p class='ocr_par' dir='ltr' id='par_1_3' title="bbox 166 663 1211 1370">
     <span class='ocr_line' id='line_1_3' title="bbox 169 663 1210 747; baseline -0.007 -10"><span class='ocrx_word' id='word_1_16' title='bbox 169 674 273 738; x_wconf 82' lang='lat' dir='ltr'><strong>tum</strong></span> <span class='ocrx_word' id='word_1_17' title='bbox 295 663 684 747; x_wconf 85' lang='lat' dir='ltr'><strong>suspensorium</strong></span> <span class='ocrx_word' id='word_1_18' title='bbox 706 685 734 730; x_wconf 83' lang='lat' dir='ltr'><strong>e.</strong></span> <span class='ocrx_word' id='word_1_19' title='bbox 757 665 1210 746; x_wconf 85' lang='lat' dir='ltr'><strong>phrenicolienale</strong></span> 
     </span>
     <span class='ocr_line' id='line_1_4' title="bbox 173 761 1207 852; baseline -0.002 -20"><span class='ocrx_word' id='word_1_20' title='bbox 173 769 320 834; x_wconf 86' lang='lat' dir='ltr'><strong>dicitur</strong></span> <span class='ocrx_word' id='word_1_21' title='bbox 340 811 358 846; x_wconf 87' lang='lat'><strong>,.</strong></span> <span class='ocrx_word' id='word_1_22' title='bbox 373 771 489 852; x_wconf 86' lang='lat' dir='ltr'><strong>atque</strong></span> <span class='ocrx_word' id='word_1_23' title='bbox 521 761 711 841; x_wconf 78' lang='lat' dir='ltr'><strong>alteram,</strong></span> <span class='ocrx_word' id='word_1_24' title='bbox 736 785 821 832; x_wconf 91' lang='lat' dir='ltr'><strong>cum</strong></span> <span class='ocrx_word' id='word_1_25' title='bbox 843 765 970 850; x_wconf 91' lang='lat' dir='ltr'><strong>priore</strong></span> <span class='ocrx_word' id='word_1_26' title='bbox 997 766 1207 830; x_wconf 87' lang='lat' dir='ltr'><strong>cohaeren-</strong></span> 
     </span>
     <span class='ocr_line' id='line_1_5' title="bbox 169 867 1211 956; baseline -0.001 -21"><span class='ocrx_word' id='word_1_27' title='bbox 169 877 272 946; x_wconf 88' lang='lat' dir='ltr'><strong>tem,</strong></span> <span class='ocrx_word' id='word_1_28' title='bbox 296 890 393 956; x_wconf 88' lang='lat' dir='ltr'><strong>quae</strong></span> <span class='ocrx_word' id='word_1_29' title='bbox 415 869 464 934; x_wconf 85' lang='lat' dir='ltr'><strong>ab</strong></span> <span class='ocrx_word' id='word_1_30' title='bbox 487 874 641 934; x_wconf 86' lang='lat' dir='ltr'><strong>omento</strong></span> <span class='ocrx_word' id='word_1_31' title='bbox 663 867 809 948; x_wconf 82' lang='lat' dir='ltr'><strong>majore</strong></span> <span class='ocrx_word' id='word_1_32' title='bbox 834 875 873 934; x_wconf 92' lang='lat' dir='ltr'><strong>et</strong></span> <span class='ocrx_word' id='word_1_33' title='bbox 898 869 1059 934; x_wconf 87' lang='lat' dir='ltr'><strong>sinistra</strong></span> <span class='ocrx_word' id='word_1_34' title='bbox 1077 867 1211 954; x_wconf 74' lang='lat' dir='ltr'><strong>magni</strong></span> 
     </span>
     <span class='ocr_line' id='line_1_6' title="bbox 169 973 1210 1058; baseline -0.008 -14"><span class='ocrx_word' id='word_1_35' title='bbox 169 997 278 1044; x_wconf 80' lang='lat' dir='ltr'><strong>arcus</strong></span> <span class='ocrx_word' id='word_1_36' title='bbox 301 974 509 1042; x_wconf 84' lang='lat' dir='ltr'><strong>ventriculi</strong></span> <span class='ocrx_word' id='word_1_37' title='bbox 529 980 639 1058; x_wconf 85' lang='lat' dir='ltr'><strong>perte</strong></span> <span class='ocrx_word' id='word_1_38' title='bbox 657 973 788 1054; x_wconf 84' lang='lat' dir='ltr'><strong>venit,</strong></span> <span class='ocrx_word' id='word_1_39' title='bbox 812 991 971 1058; x_wconf 88' lang='lat' dir='ltr'><strong>cumque</strong></span> <span class='ocrx_word' id='word_1_40' title='bbox 989 973 1142 1056; x_wconf 81' lang='lat' dir='ltr'><strong>priore,</strong></span> <span class='ocrx_word' id='word_1_41' title='bbox 1165 977 1210 1036; x_wconf 91' lang='lat' dir='ltr'><strong>ut</strong></span> 
     </span>
     <span class='ocr_line' id='line_1_7' title="bbox 168 1077 1210 1166; baseline -0.002 -22"><span class='ocrx_word' id='word_1_42' title='bbox 168 1079 554 1166; x_wconf 79' lang='lat' dir='ltr'><strong>gastrolienale</strong></span> <span class='ocrx_word' id='word_1_43' title='bbox 577 1077 949 1160; x_wconf 72' lang='lat' dir='ltr'><strong>ligamentum,</strong></span> <span class='ocrx_word' id='word_1_44' title='bbox 974 1077 1098 1142; x_wconf 85' lang='lat' dir='ltr'><strong>viscus</strong></span> <span class='ocrx_word' id='word_1_45' title='bbox 1121 1077 1210 1142; x_wconf 79' lang='lat' dir='ltr'><strong>laxe</strong></span> 
     </span>
     <span class='ocr_line' id='line_1_8' title="bbox 170 1179 1208 1268; baseline -0.003 -17"><span class='ocrx_word' id='word_1_46' title='bbox 170 1183 387 1268; x_wconf 71' lang='lat' dir='ltr'><strong>suspendit.</strong></span> <span class='ocrx_word' id='word_1_47' title='bbox 415 1185 601 1256; x_wconf 75' lang='lat' dir='ltr'><strong>Constant</strong></span> <span class='ocrx_word' id='word_1_48' title='bbox 626 1183 701 1248; x_wconf 84' lang='lat' dir='ltr'><strong>bae</strong></span> <span class='ocrx_word' id='word_1_49' title='bbox 731 1181 855 1264; x_wconf 88' lang='lat' dir='ltr'><strong>plicae</strong></span> <span class='ocrx_word' id='word_1_50' title='bbox 876 1179 1021 1264; x_wconf 86' lang='lat' dir='ltr'><strong>duplici</strong></span> <span class='ocrx_word' id='word_1_51' title='bbox 1042 1183 1208 1268; x_wconf 77' lang='lat' dir='ltr'><strong>pagine,</strong></span> 
     </span>
     <span class='ocr_line' id='line_1_9' title="bbox 166 1283 1207 1370; baseline -0.002 -18"><span class='ocrx_word' id='word_1_52' title='bbox 166 1289 249 1352; x_wconf 83' lang='lat' dir='ltr'><strong>tela</strong></span> <span class='ocrx_word' id='word_1_53' title='bbox 267 1287 447 1356; x_wconf 77' lang='lat' dir='ltr'><strong>celluloea</strong></span> <span class='ocrx_word' id='word_1_54' title='bbox 472 1284 582 1350; x_wconf 85' lang='lat' dir='ltr'><strong>brevi</strong></span> <span class='ocrx_word' id='word_1_55' title='bbox 603 1283 989 1361; x_wconf 70' lang='lat' dir='ltr'><strong>connexarrecedunt</strong></span> <span class='ocrx_word' id='word_1_56' title='bbox 1012 1305 1078 1348; x_wconf 87' lang='lat' dir='ltr'><strong>eae</strong></span> <span class='ocrx_word' id='word_1_57' title='bbox 1096 1285 1207 1370; x_wconf 76' lang='lat' dir='ltr'><strong>pagi·</strong></span> 
     </span>
    </p>
   </div>
   <div class='ocr_carea' id='block_1_4' title="bbox 39 1385 1298 1563">
    <p class='ocr_par' dir='ltr' id='par_1_4' title="bbox 39 1385 1298 1563">
     <span class='ocr_line' id='line_1_10' title="bbox 39 1385 1208 1494; baseline 0 -41"><span class='ocrx_word' id='word_1_58' title='bbox 39 1431 49 1462; x_wconf 85' lang='lat'><strong>,</strong></span> <span class='ocrx_word' id='word_1_59' title='bbox 167 1410 265 1464; x_wconf 90' lang='lat' dir='ltr'><strong>nae,</strong></span> <span class='ocrx_word' id='word_1_60' title='bbox 289 1388 355 1452; x_wconf 92' lang='lat' dir='ltr'><strong>ubi</strong></span> <span class='ocrx_word' id='word_1_61' title='bbox 374 1387 499 1470; x_wconf 83' lang='lat' dir='ltr'><strong>ipsum</strong></span> <span class='ocrx_word' id='word_1_62' title='bbox 516 1387 717 1469; x_wconf 80' lang='lat' dir='ltr'><strong>attingunt</strong></span> <span class='ocrx_word' id='word_1_63' title='bbox 739 1385 902 1467; x_wconf 88' lang='lat' dir='ltr'><strong>lienem,</strong></span> <span class='ocrx_word' id='word_1_64' title='bbox 924 1407 946 1452; x_wconf 91' lang='lat' dir='ltr'><strong>a</strong></span> <span class='ocrx_word' id='word_1_65' title='bbox 965 1408 1002 1452; x_wconf 85' lang='lat' dir='ltr'><strong>ee</strong></span> <span class='ocrx_word' id='word_1_66' title='bbox 1024 1387 1208 1494; x_wconf 65' lang='lat' dir='ltr'><strong>invicem,</strong></span> 
     </span>
     <span class='ocr_line' id='line_1_11' title="bbox 164 1488 1298 1563; baseline 0.001 -8"><span class='ocrx_word' id='word_1_67' title='bbox 164 1491 383 1556; x_wconf 75' lang='lat' dir='ltr'><strong>investiant</strong></span> <span class='ocrx_word' id='word_1_68' title='bbox 408 1495 536 1554; x_wconf 93' lang='lat' dir='ltr'><strong>totum</strong></span> <span class='ocrx_word' id='word_1_69' title='bbox 563 1488 708 1563; x_wconf 84' lang='lat' dir='ltr'><strong>viscus,</strong></span> <span class='ocrx_word' id='word_1_70' title='bbox 731 1489 867 1554; x_wconf 89' lang='lat' dir='ltr'><strong>relicto</strong></span> <span class='ocrx_word' id='word_1_71' title='bbox 893 1494 1025 1554; x_wconf 89' lang='lat' dir='ltr'><strong>tamen</strong></span> <span class='ocrx_word' id='word_1_72' title='bbox 1056 1491 1097 1554; x_wconf 90' lang='lat' dir='ltr'><strong>in</strong></span> <span class='ocrx_word' id='word_1_73' title='bbox 1118 1492 1204 1556; x_wconf 90' lang='lat' dir='ltr'><strong>hilo</strong></span> <span class='ocrx_word' id='word_1_74' title='bbox 1294 1489 1298 1500; x_wconf 87' lang='lat'>&#39;</span> 
     </span>
    </p>
   </div>
   <div class='ocr_carea' id='block_1_5' title="bbox 160 1590 1206 2702">
    <p class='ocr_par' dir='ltr' id='par_1_5' title="bbox 160 1590 1206 2702">
     <span class='ocr_line' id='line_1_12' title="bbox 164 1590 1205 1676; baseline 0.001 -18"><span class='ocrx_word' id='word_1_75' title='bbox 164 1594 281 1658; x_wconf 87' lang='lat' dir='ltr'><strong>lienis</strong></span> <span class='ocrx_word' id='word_1_76' title='bbox 299 1592 447 1676; x_wconf 87' lang='lat' dir='ltr'><strong>spatio,</strong></span> <span class='ocrx_word' id='word_1_77' title='bbox 470 1611 544 1676; x_wconf 89' lang='lat' dir='ltr'><strong>quo</strong></span> <span class='ocrx_word' id='word_1_78' title='bbox 570 1610 663 1656; x_wconf 86' lang='lat' dir='ltr'><strong>vasa</strong></span> <span class='ocrx_word' id='word_1_79' title='bbox 690 1590 841 1660; x_wconf 83' lang='lat' dir='ltr'><strong>intrant</strong></span> <span class='ocrx_word' id='word_1_80' title='bbox 863 1597 901 1656; x_wconf 91' lang='lat' dir='ltr'><strong>et</strong></span> <span class='ocrx_word' id='word_1_81' title='bbox 927 1595 1080 1658; x_wconf 84' lang='lat' dir='ltr'><strong>exeunt.</strong></span> <span class='ocrx_word' id='word_1_82' title='bbox 1114 1594 1205 1660; x_wconf 88' lang='lat' dir='ltr'><strong>Jun-</strong></span> 
     </span>
     <span class='ocr_line' id='line_1_13' title="bbox 163 1695 1205 1783; baseline 0.002 -21"><span class='ocrx_word' id='word_1_83' title='bbox 163 1699 270 1783; x_wconf 81' lang='lat' dir='ltr'><strong>gitur</strong></span> <span class='ocrx_word' id='word_1_84' title='bbox 292 1697 537 1764; x_wconf 87' lang='lat' dir='ltr'><strong>involucrum</strong></span> <span class='ocrx_word' id='word_1_85' title='bbox 559 1695 632 1760; x_wconf 90' lang='lat' dir='ltr'><strong>hoc</strong></span> <span class='ocrx_word' id='word_1_86' title='bbox 651 1713 821 1762; x_wconf 77' lang='lat' dir='ltr'><strong>aerosum</strong></span> <span class='ocrx_word' id='word_1_87' title='bbox 840 1713 908 1778; x_wconf 87' lang='lat' dir='ltr'><strong>ope</strong></span> <span class='ocrx_word' id='word_1_88' title='bbox 931 1695 1104 1762; x_wconf 89' lang='lat' dir='ltr'><strong>cellulosi</strong></span> <span class='ocrx_word' id='word_1_89' title='bbox 1124 1703 1205 1764; x_wconf 84' lang='lat' dir='ltr'><strong>tex-</strong></span> 
     </span>
     <span class='ocr_line' id='line_1_14' title="bbox 164 1797 1205 1892; baseline 0.004 -27"><span class='ocrx_word' id='word_1_90' title='bbox 164 1808 227 1892; x_wconf 67' lang='lat' dir='ltr'><strong>tup</strong></span> <span class='ocrx_word' id='word_1_91' title='bbox 259 1799 298 1884; x_wconf 89' lang='lat' dir='ltr'><strong>d)</strong></span> <span class='ocrx_word' id='word_1_92' title='bbox 327 1817 413 1862; x_wconf 87' lang='lat' dir='ltr'><strong>cum</strong></span> <span class='ocrx_word' id='word_1_93' title='bbox 447 1797 672 1866; x_wconf 83' lang='lat' dir='ltr'><strong>membrana</strong></span> <span class='ocrx_word' id='word_1_94' title='bbox 703 1798 915 1880; x_wconf 87' lang='lat' dir='ltr'><strong>propria</strong></span> <span class='ocrx_word' id='word_1_95' title='bbox 943 1798 1056 1864; x_wconf 84' lang='lat' dir='ltr'><strong>lienis</strong></span> <span class='ocrx_word' id='word_1_96' title='bbox 1072 1839 1084 1876; x_wconf 92' lang='lat'><strong>,</strong></span> <span class='ocrx_word' id='word_1_97' title='bbox 1107 1817 1205 1886; x_wconf 84' lang='lat' dir='ltr'><strong>quae</strong></span> 
     </span>
     <span class='ocr_line' id='line_1_15' title="bbox 164 1897 1206 1986; baseline 0.004 -22"><span class='ocrx_word' id='word_1_98' title='bbox 164 1901 403 1964; x_wconf 78' lang='lat' dir='ltr'><strong>membranis</strong></span> <span class='ocrx_word' id='word_1_99' title='bbox 432 1899 583 1964; x_wconf 86' lang='lat' dir='ltr'><strong>fibrosis</strong></span> <span class='ocrx_word' id='word_1_100' title='bbox 619 1899 894 1979; x_wconf 73' lang='lat' dir='ltr'><strong>adnumeratur</strong></span> <span class='ocrx_word' id='word_1_101' title='bbox 922 1897 973 1978; x_wconf 71' lang='grc' dir='ltr'><strong>(ς.</strong></span> <span class='ocrx_word' id='word_1_102' title='bbox 1006 1904 1111 1986; x_wconf 80' lang='lat'><strong>¹3¹·)·</strong></span> <span class='ocrx_word' id='word_1_103' title='bbox 1140 1905 1206 1972; x_wconf 83' lang='lat' dir='ltr'><strong>Est</strong></span> 
     </span>
     <span class='ocr_line' id='line_1_16' title="bbox 163 2001 1204 2088; baseline 0.005 -21"><span class='ocrx_word' id='word_1_104' title='bbox 163 2005 262 2067; x_wconf 87' lang='lat' dir='ltr'><strong>haec</strong></span> <span class='ocrx_word' id='word_1_105' title='bbox 282 2001 444 2086; x_wconf 75' lang='lat' dir='ltr'><strong>simplex</strong></span> <span class='ocrx_word' id='word_1_106' title='bbox 465 2001 645 2086; x_wconf 80' lang='lat' dir='ltr'><strong>perinde,</strong></span> <span class='ocrx_word' id='word_1_107' title='bbox 669 2001 770 2076; x_wconf 86' lang='lat' dir='ltr'><strong>albi,</strong></span> <span class='ocrx_word' id='word_1_108' title='bbox 785 2001 1027 2086; x_wconf 79' lang='lat' dir='ltr'><strong>grisescentie</strong></span> <span class='ocrx_word' id='word_1_109' title='bbox 1049 2005 1204 2088; x_wconf 86' lang='lat' dir='ltr'><strong>coloris,</strong></span> 
     </span>
     <span class='ocr_line' id='line_1_17' title="bbox 162 2087 1203 2189; baseline 0.001 -21"><span class='ocrx_word' id='word_1_110' title='bbox 162 2103 341 2182; x_wconf 87' lang='lat' dir='ltr'><strong>densior,</strong></span> <span class='ocrx_word' id='word_1_111' title='bbox 364 2087 526 2168; x_wconf 75' lang='lat' dir='ltr'><strong>crassior</strong></span> <span class='ocrx_word' id='word_1_112' title='bbox 546 2109 584 2168; x_wconf 85' lang='lat' dir='ltr'><strong>at</strong></span> <span class='ocrx_word' id='word_1_113' title='bbox 603 2105 726 2189; x_wconf 77' lang='lat' dir='ltr'><strong>magis</strong></span> <span class='ocrx_word' id='word_1_114' title='bbox 754 2101 912 2168; x_wconf 86' lang='lat' dir='ltr'><strong>elastica</strong></span> <span class='ocrx_word' id='word_1_115' title='bbox 931 2123 1045 2188; x_wconf 86' lang='lat' dir='ltr'><strong>quam</strong></span> <span class='ocrx_word' id='word_1_116' title='bbox 1065 2105 1203 2169; x_wconf 85' lang='lat' dir='ltr'><strong>tunica</strong></span> 
     </span>
     <span class='ocr_line' id='line_1_18' title="bbox 165 2195 1200 2292; baseline -0.005 -17"><span class='ocrx_word' id='word_1_117' title='bbox 165 2209 334 2290; x_wconf 78' lang='lat' dir='ltr'><strong>extime3</strong></span> <span class='ocrx_word' id='word_1_118' title='bbox 358 2207 481 2290; x_wconf 75' lang='lat' dir='ltr'><strong>cingit</strong></span> <span class='ocrx_word' id='word_1_119' title='bbox 507 2207 769 2288; x_wconf 85' lang='lat' dir='ltr'><strong>parencbymo</strong></span> <span class='ocrx_word' id='word_1_120' title='bbox 797 2195 910 2270; x_wconf 85' lang='lat' dir='ltr'><strong>lienis</strong></span> <span class='ocrx_word' id='word_1_121' title='bbox 932 2205 1200 2292; x_wconf 85' lang='lat' dir='ltr'><strong>undiquaque,</strong></span> 
     </span>
     <span class='ocr_line' id='line_1_19' title="bbox 164 2308 1200 2394; baseline -0.001 -21"><span class='ocrx_word' id='word_1_122' title='bbox 164 2310 291 2373; x_wconf 82' lang='lat' dir='ltr'><strong>ambit</strong></span> <span class='ocrx_word' id='word_1_123' title='bbox 318 2329 411 2372; x_wconf 80' lang='lat' dir='ltr'><strong>vasa</strong></span> <span class='ocrx_word' id='word_1_124' title='bbox 442 2309 611 2394; x_wconf 67' lang='lat' dir='ltr'><strong>maiora,</strong></span> <span class='ocrx_word' id='word_1_125' title='bbox 634 2325 719 2374; x_wconf 86' lang='lat' dir='ltr'><strong>cum</strong></span> <span class='ocrx_word' id='word_1_126' title='bbox 746 2309 883 2393; x_wconf 82' lang='lat' dir='ltr'><strong>quibus</strong></span> <span class='ocrx_word' id='word_1_127' title='bbox 905 2308 1062 2372; x_wconf 81' lang='lat' dir='ltr'><strong>visceris</strong></span> <span class='ocrx_word' id='word_1_128' title='bbox 1084 2327 1200 2392; x_wconf 90' lang='lat' dir='ltr'><strong>pene·</strong></span> 
     </span>
     <span class='ocr_line' id='line_1_20' title="bbox 160 2399 1200 2496; baseline 0 -20"><span class='ocrx_word' id='word_1_129' title='bbox 160 2417 243 2476; x_wconf 88' lang='lat' dir='ltr'><strong>trat</strong></span> <span class='ocrx_word' id='word_1_130' title='bbox 275 2399 567 2488; x_wconf 84' lang='lat' dir='ltr'><strong>substantiam,</strong></span> <span class='ocrx_word' id='word_1_131' title='bbox 600 2403 819 2496; x_wconf 75' lang='lat' dir='ltr'><strong>formatque</strong></span> <span class='ocrx_word' id='word_1_132' title='bbox 849 2408 1052 2473; x_wconf 89' lang='lat' dir='ltr'><strong>filamenta</strong></span> <span class='ocrx_word' id='word_1_133' title='bbox 1084 2411 1200 2477; x_wconf 90' lang='lat' dir='ltr'><strong>cellu-</strong></span> 
     </span>
     <span class='ocr_line' id='line_1_21' title="bbox 160 2513 1201 2600; baseline 0.002 -20"><span class='ocrx_word' id='word_1_134' title='bbox 160 2515 287 2592; x_wconf 90' lang='lat' dir='ltr'><strong>laria,</strong></span> <span class='ocrx_word' id='word_1_135' title='bbox 311 2535 406 2600; x_wconf 80' lang='lat' dir='ltr'><strong>quae</strong></span> <span class='ocrx_word' id='word_1_136' title='bbox 435 2515 547 2580; x_wconf 87' lang='lat' dir='ltr'><strong>varia</strong></span> <span class='ocrx_word' id='word_1_137' title='bbox 577 2537 616 2580; x_wconf 87' lang='lat' dir='ltr'><strong>se</strong></span> <span class='ocrx_word' id='word_1_138' title='bbox 650 2519 782 2579; x_wconf 74' lang='lat' dir='ltr'><strong>mutuo</strong></span> <span class='ocrx_word' id='word_1_139' title='bbox 815 2513 1017 2579; x_wconf 80' lang='lat' dir='ltr'><strong>decussant</strong></span> <span class='ocrx_word' id='word_1_140' title='bbox 1047 2513 1201 2600; x_wconf 76' lang='lat' dir='ltr'><strong>directi·</strong></span> 
     </span>
     <span class='ocr_line' id='line_1_22' title="bbox 160 2601 1200 2702; baseline 0.002 -18"><span class='ocrx_word' id='word_1_141' title='bbox 160 2641 249 2695; x_wconf 90' lang='lat' dir='ltr'><strong>one,</strong></span> <span class='ocrx_word' id='word_1_142' title='bbox 273 2626 310 2684; x_wconf 85' lang='lat' dir='ltr'><strong>et</strong></span> <span class='ocrx_word' id='word_1_143' title='bbox 329 2621 577 2702; x_wconf 86' lang='lat' dir='ltr'><strong>reticulatum</strong></span> <span class='ocrx_word' id='word_1_144' title='bbox 601 2601 641 2684; x_wconf 86' lang='lat' dir='ltr'><strong>in</strong></span> <span class='ocrx_word' id='word_1_145' title='bbox 663 2621 766 2682; x_wconf 85' lang='lat' dir='ltr'><strong>eluto</strong></span> <span class='ocrx_word' id='word_1_146' title='bbox 788 2618 889 2682; x_wconf 89' lang='lat' dir='ltr'><strong>liene</strong></span> <span class='ocrx_word' id='word_1_147' title='bbox 911 2603 1200 2686; x_wconf 72' lang='lat' dir='ltr'><strong>exhibent&#39;tex·</strong></span> 
     </span>
    </p>
   </div>
   <div class='ocr_carea' id='block_1_6' title="bbox 101 2721 1304 2809">
    <p class='ocr_par' dir='ltr' id='par_1_6' title="bbox 101 2721 1304 2809">
     <span class='ocr_line' id='line_1_23' title="bbox 101 2721 1304 2809; baseline -0.002 -18"><span class='ocrx_word' id='word_1_148' title='bbox 101 2766 105 2775; x_wconf 80' lang='lat'>=</span> <span class='ocrx_word' id='word_1_149' title='bbox 160 2733 257 2791; x_wconf 88' lang='lat' dir='ltr'><strong>tum.</strong></span> <span class='ocrx_word' id='word_1_150' title='bbox 281 2727 324 2794; x_wconf 84' lang='lat' dir='ltr'><strong>In</strong></span> <span class='ocrx_word' id='word_1_151' title='bbox 344 2724 487 2790; x_wconf 90' lang='lat' dir='ltr'><strong>bovino</strong></span> <span class='ocrx_word' id='word_1_152' title='bbox 508 2723 607 2787; x_wconf 86' lang='lat' dir='ltr'><strong>liene</strong></span> <span class='ocrx_word' id='word_1_153' title='bbox 627 2723 722 2787; x_wconf 87' lang='lat' dir='ltr'><strong>haec</strong></span> <span class='ocrx_word' id='word_1_154' title='bbox 743 2721 814 2787; x_wconf 85' lang='lat' dir='ltr'><strong>fila</strong></span> <span class='ocrx_word' id='word_1_155' title='bbox 835 2723 886 2809; x_wconf 79' lang='lat' dir='ltr'><strong>ist</strong></span> <span class='ocrx_word' id='word_1_156' title='bbox 907 2723 1087 2808; x_wconf 89' lang='lat' dir='ltr'><strong>pollicem</strong></span> <span class='ocrx_word' id='word_1_157' title='bbox 1112 2746 1196 2791; x_wconf 86' lang='lat' dir='ltr'><strong>sae·</strong></span> <span class='ocrx_word' id='word_1_158' title='bbox 1300 2781 1304 2788; x_wconf 92' lang='lat'>.</span> 
     </span>
    </p>
   </div>
   <div class='ocr_carea' id='block_1_7' title="bbox 162 2824 687 2918">
    <p class='ocr_par' dir='ltr' id='par_1_7' title="bbox 162 2824 687 2918">
     <span class='ocr_line' id='line_1_24' title="bbox 162 2824 687 2918; baseline -0.008 -23"><span class='ocrx_word' id='word_1_159' title='bbox 162 2852 210 2918; x_wconf 87' lang='lat' dir='ltr'><strong>pe</strong></span> <span class='ocrx_word' id='word_1_160' title='bbox 230 2851 356 2895; x_wconf 85' lang='lat' dir='ltr'><strong>crassa</strong></span> <span class='ocrx_word' id='word_1_161' title='bbox 375 2834 583 2892; x_wconf 89' lang='lat' dir='ltr'><strong>cernuntur</strong></span> <span class='ocrx_word' id='word_1_162' title='bbox 606 2824 687 2914; x_wconf 65' lang='grc' dir='ltr'><strong>(Ρ).</strong></span> 
     </span>
    </p>
   </div>
   <div class='ocr_carea' id='block_1_8' title="bbox 127 2947 1296 3671">
    <p class='ocr_par' dir='ltr' id='par_1_8' title="bbox 127 2947 1296 3671">
     <span class='ocr_line' id='line_1_25' title="bbox 242 2947 1201 3056; baseline -0.004 -18"><span class='ocrx_word' id='word_1_163' title='bbox 242 2973 281 3038; x_wconf 82' lang='lat' dir='ltr'><strong>si</strong></span> <span class='ocrx_word' id='word_1_164' title='bbox 306 2971 497 3036; x_wconf 83' lang='lat' dir='ltr'><strong>fabricam</strong></span> <span class='ocrx_word' id='word_1_165' title='bbox 537 2967 781 3033; x_wconf 87' lang='lat' dir='ltr'><strong>subtiliorem</strong></span> <span class='ocrx_word' id='word_1_166' title='bbox 811 2967 923 3036; x_wconf 87' lang='lat' dir='ltr'><strong>lienis</strong></span> <span class='ocrx_word' id='word_1_167' title='bbox 960 2947 1201 3056; x_wconf 68' lang='lat' dir='ltr'><strong>pervestigat-⁵</strong></span> 
     </span>
     <span class='ocr_line' id='line_1_26' title="bbox 159 3070 1289 3156; baseline -0.004 -16"><span class='ocrx_word' id='word_1_168' title='bbox 159 3095 267 3154; x_wconf 87' lang='lat' dir='ltr'><strong>mus,</strong></span> <span class='ocrx_word' id='word_1_169' title='bbox 287 3075 551 3156; x_wconf 85' lang='lat' dir='ltr'><strong>perenchyma</strong></span> <span class='ocrx_word' id='word_1_170' title='bbox 579 3070 867 3152; x_wconf 86' lang='lat' dir='ltr'><strong>simplicissimo</strong></span> <span class='ocrx_word' id='word_1_171' title='bbox 900 3091 1079 3136; x_wconf 82' lang='lat' dir='ltr'><strong>vasorum</strong></span> <span class='ocrx_word' id='word_1_172' title='bbox 1107 3095 1212 3154; x_wconf 64' lang='lat' dir='ltr'><strong>san-,</strong></span> <span class='ocrx_word' id='word_1_173' title='bbox 1284 3111 1289 3126; x_wconf 89' lang='lat'><strong>·</strong></span> 
     </span>
     <span class='ocr_line' id='line_1_27' title="bbox 127 3166 1196 3264; baseline -0.003 -21"><span class='ocrx_word' id='word_1_174' title='bbox 127 3259 129 3264; x_wconf 14' lang='grc' dir='ltr'><strong><em>Α</em></strong></span> <span class='ocrx_word' id='word_1_175' title='bbox 159 3179 397 3263; x_wconf 79' lang='lat' dir='ltr'><strong>guiserorum</strong></span> <span class='ocrx_word' id='word_1_176' title='bbox 416 3178 616 3248; x_wconf 78' lang='lat' dir='ltr'><strong>contextu,</strong></span> <span class='ocrx_word' id='word_1_177' title='bbox 639 3177 677 3235; x_wconf 89' lang='lat' dir='ltr'><strong>et</strong></span> <span class='ocrx_word' id='word_1_178' title='bbox 697 3166 776 3236; x_wconf 67' lang='lat' dir='ltr'><strong>tela</strong></span> <span class='ocrx_word' id='word_1_179' title='bbox 799 3173 980 3238; x_wconf 88' lang='lat' dir='ltr'><strong>cellulosa</strong></span> <span class='ocrx_word' id='word_1_180' title='bbox 1010 3175 1196 3240; x_wconf 86' lang='lat' dir='ltr'><strong>mollissi-</strong></span> 
     </span>
     <span class='ocr_line' id='line_1_28' title="bbox 159 3273 1296 3364; baseline -0.007 -18"><span class='ocrx_word' id='word_1_181' title='bbox 159 3301 226 3346; x_wconf 87' lang='lat' dir='ltr'><strong>ma</strong></span> <span class='ocrx_word' id='word_1_182' title='bbox 243 3279 450 3364; x_wconf 81' lang='lat' dir='ltr'><strong>conflatum</strong></span> <span class='ocrx_word' id='word_1_183' title='bbox 469 3273 733 3360; x_wconf 80' lang='lat' dir='ltr'><strong>comperimus·</strong></span> <span class='ocrx_word' id='word_1_184' title='bbox 756 3277 847 3338; x_wconf 84' lang='lat' dir='ltr'><strong>Oum</strong></span> <span class='ocrx_word' id='word_1_185' title='bbox 867 3275 988 3359; x_wconf 82' lang='lat' dir='ltr'><strong>igitur</strong></span> <span class='ocrx_word' id='word_1_186' title='bbox 999 3295 1091 3342; x_wconf 86' lang='lat' dir='ltr'><strong>vasa</strong></span> <span class='ocrx_word' id='word_1_187' title='bbox 1107 3298 1198 3348; x_wconf 84' lang='lat' dir='ltr'><strong>san·</strong></span> <span class='ocrx_word' id='word_1_188' title='bbox 1287 3307 1296 3322; x_wconf 92' lang='lat'><strong>·</strong></span> 
     </span>
     <span class='ocr_line' id='line_1_29' title="bbox 156 3363 1255 3471; baseline -0.005 -20"><span class='ocrx_word' id='word_1_189' title='bbox 156 3387 308 3471; x_wconf 75' lang='lat' dir='ltr'><strong>gaifero</strong></span> <span class='ocrx_word' id='word_1_190' title='bbox 328 3381 436 3448; x_wconf 86' lang='lat' dir='ltr'><strong>felici-</strong></span> <span class='ocrx_word' id='word_1_191' title='bbox 454 3399 625 3444; x_wconf 84' lang='lat' dir='ltr'><strong>successu</strong></span> <span class='ocrx_word' id='word_1_192' title='bbox 643 3380 864 3461; x_wconf 84' lang='lat' dir='ltr'><strong>replentur,</strong></span> <span class='ocrx_word' id='word_1_193' title='bbox 886 3384 930 3442; x_wconf 94' lang='lat' dir='ltr'><strong>ut</strong></span> <span class='ocrx_word' id='word_1_194' title='bbox 954 3381 1196 3464; x_wconf 66' lang='lat' dir='ltr'><strong>RurscaruS,</strong></span> <span class='ocrx_word' id='word_1_195' title='bbox 1250 3363 1255 3383; x_wconf 59' lang='lat'>¹</span> 
     </span>
     <span class='ocr_line' id='line_1_30' title="bbox 149 3481 1275 3562; baseline -0.004 -8"><span class='ocrx_word' id='word_1_196' title='bbox 149 3484 356 3561; x_wconf 56' lang='lat' dir='ltr'><strong>‘Acerram</strong></span> <span class='ocrx_word' id='word_1_197' title='bbox 380 3487 616 3556; x_wconf 73' lang='lat' dir='ltr'><strong>illectam,</strong></span> <span class='ocrx_word' id='word_1_198' title='bbox 639 3483 908 3546; x_wconf 68' lang='lat' dir='ltr'><strong>somniumne</strong></span> <span class='ocrx_word' id='word_1_199' title='bbox 928 3527 938 3562; x_wconf 93' lang='lat'><strong>,</strong></span> <span class='ocrx_word' id='word_1_200' title='bbox 961 3481 1196 3550; x_wconf 75' lang='lat' dir='ltr'><strong>Paoonssas</strong></span> <span class='ocrx_word' id='word_1_201' title='bbox 1273 3493 1275 3498; x_wconf 87' lang='grc'><strong>’</strong></span> 
     </span>
     <span class='ocr_line' id='line_1_31' title="bbox 158 3585 1191 3671; baseline 0.001 -18"><span class='ocrx_word' id='word_1_202' title='bbox 158 3596 228 3653; x_wconf 81' lang='lat' dir='ltr'><strong>etc.</strong></span> <span class='ocrx_word' id='word_1_203' title='bbox 248 3594 439 3652; x_wconf 85' lang='lat' dir='ltr'><strong>testantur</strong></span> <span class='ocrx_word' id='word_1_204' title='bbox 459 3585 515 3666; x_wconf 85' lang='lat' dir='ltr'><strong>a),</strong></span> <span class='ocrx_word' id='word_1_205' title='bbox 537 3592 687 3671; x_wconf 87' lang='lat' dir='ltr'><strong>praeter</strong></span> <span class='ocrx_word' id='word_1_206' title='bbox 716 3607 808 3650; x_wconf 82' lang='lat' dir='ltr'><strong>vaca</strong></span> <span class='ocrx_word' id='word_1_207' title='bbox 831 3593 868 3650; x_wconf 89' lang='lat' dir='ltr'><strong>et</strong></span> <span class='ocrx_word' id='word_1_208' title='bbox 887 3589 1109 3666; x_wconf 86' lang='lat' dir='ltr'><strong>cellulosam</strong></span> <span class='ocrx_word' id='word_1_209' title='bbox 1131 3591 1191 3654; x_wconf 90' lang='lat' dir='ltr'><strong>fa-</strong></span> 
     </span>
    </p>
   </div>
   <div class='ocr_carea' id='block_1_9' title="bbox 151 3691 1194 4406">
    <p class='ocr_par' dir='ltr' id='par_1_9' title="bbox 151 3691 1194 4406">
     <span class='ocr_line' id='line_1_32' title="bbox 155 3691 1193 3774; baseline 0.003 -17"><span class='ocrx_word' id='word_1_210' title='bbox 155 3694 306 3758; x_wconf 86' lang='lat' dir='ltr'><strong>bricam</strong></span> <span class='ocrx_word' id='word_1_211' title='bbox 326 3693 432 3756; x_wconf 81' lang='lat' dir='ltr'><strong>nihil</strong></span> <span class='ocrx_word' id='word_1_212' title='bbox 462 3691 774 3774; x_wconf 81' lang='lat' dir='ltr'><strong>deprehenditur.</strong></span> <span class='ocrx_word' id='word_1_213' title='bbox 806 3692 879 3754; x_wconf 87' lang='lat' dir='ltr'><strong>Ubi</strong></span> <span class='ocrx_word' id='word_1_214' title='bbox 897 3692 937 3756; x_wconf 93' lang='lat' dir='ltr'><strong>id</strong></span> <span class='ocrx_word' id='word_1_215' title='bbox 958 3692 1082 3758; x_wconf 85' lang='lat' dir='ltr'><strong>viscus</strong></span> <span class='ocrx_word' id='word_1_216' title='bbox 1103 3716 1193 3760; x_wconf 85' lang='lat' dir='ltr'><strong>ean·</strong></span> 
     </span>
     <span class='ocr_line' id='line_1_33' title="bbox 153 3793 1194 3880; baseline 0.002 -22"><span class='ocrx_word' id='word_1_217' title='bbox 153 3795 271 3880; x_wconf 81' lang='lat' dir='ltr'><strong>guina</strong></span> <span class='ocrx_word' id='word_1_218' title='bbox 289 3794 407 3876; x_wconf 88' lang='lat' dir='ltr'><strong>probe</strong></span> <span class='ocrx_word' id='word_1_219' title='bbox 427 3793 593 3868; x_wconf 88' lang='lat' dir='ltr'><strong>eluitur,</strong></span> <span class='ocrx_word' id='word_1_220' title='bbox 616 3795 680 3857; x_wconf 78' lang='lat' dir='ltr'><strong>aiir</strong></span> <span class='ocrx_word' id='word_1_221' title='bbox 700 3793 741 3856; x_wconf 89' lang='lat' dir='ltr'><strong>in</strong></span> <span class='ocrx_word' id='word_1_222' title='bbox 757 3813 872 3856; x_wconf 84' lang='lat' dir='ltr'><strong>venas</strong></span> <span class='ocrx_word' id='word_1_223' title='bbox 893 3799 933 3856; x_wconf 89' lang='lat' dir='ltr'><strong>et</strong></span> <span class='ocrx_word' id='word_1_224' title='bbox 954 3797 1116 3861; x_wconf 82' lang='lat' dir='ltr'><strong>arterias</strong></span> <span class='ocrx_word' id='word_1_225' title='bbox 1132 3796 1194 3860; x_wconf 90' lang='lat' dir='ltr'><strong>in·</strong></span> 
     </span>
     <span class='ocr_line' id='line_1_34' title="bbox 154 3895 1193 3980; baseline 0.001 -18"><span class='ocrx_word' id='word_1_226' title='bbox 154 3898 290 3970; x_wconf 85' lang='lat' dir='ltr'><strong>fiatur,</strong></span> <span class='ocrx_word' id='word_1_227' title='bbox 314 3901 428 3980; x_wconf 89' lang='lat' dir='ltr'><strong>atque</strong></span> <span class='ocrx_word' id='word_1_228' title='bbox 456 3899 567 3958; x_wconf 89' lang='lat' dir='ltr'><strong>caute</strong></span> <span class='ocrx_word' id='word_1_229' title='bbox 587 3895 774 3974; x_wconf 83' lang='lat' dir='ltr'><strong>siccatur,</strong></span> <span class='ocrx_word' id='word_1_230' title='bbox 799 3895 1042 3980; x_wconf 76' lang='lat' dir='ltr'><strong>spongiosam</strong></span> <span class='ocrx_word' id='word_1_231' title='bbox 1074 3899 1193 3964; x_wconf 84' lang='lat' dir='ltr'><strong>refert</strong></span> 
     </span>
     <span class='ocr_line' id='line_1_35' title="bbox 153 4001 1191 4088; baseline 0 -20"><span class='ocrx_word' id='word_1_232' title='bbox 153 4021 334 4068; x_wconf 84' lang='lat' dir='ltr'><strong>massam.</strong></span> <span class='ocrx_word' id='word_1_233' title='bbox 357 4006 552 4084; x_wconf 81' lang='lat' dir='ltr'><strong>Apparent</strong></span> <span class='ocrx_word' id='word_1_234' title='bbox 567 4007 770 4084; x_wconf 87' lang='lat' dir='ltr'><strong>praeterea</strong></span> <span class='ocrx_word' id='word_1_235' title='bbox 793 4001 927 4068; x_wconf 90' lang='lat' dir='ltr'><strong>noduli</strong></span> <span class='ocrx_word' id='word_1_236' title='bbox 952 4003 1108 4088; x_wconf 87' lang='lat' dir='ltr'><strong>quidam</strong></span> <span class='ocrx_word' id='word_1_237' title='bbox 1134 4005 1191 4068; x_wconf 91' lang='lat' dir='ltr'><strong>al·</strong></span> 
     </span>
     <span class='ocr_line' id='line_1_36' title="bbox 152 4103 1188 4198; baseline 0.001 -25"><span class='ocrx_word' id='word_1_238' title='bbox 152 4108 338 4174; x_wconf 85' lang='lat' dir='ltr'><strong>bicantee¹</strong></span> <span class='ocrx_word' id='word_1_239' title='bbox 361 4105 401 4167; x_wconf 90' lang='lat' dir='ltr'><strong>in</strong></span> <span class='ocrx_word' id='word_1_240' title='bbox 425 4103 538 4198; x_wconf 65' lang='lat' dir='ltr'><strong>lienis</strong></span> <span class='ocrx_word' id='word_1_241' title='bbox 561 4107 802 4185; x_wconf 82' lang='lat' dir='ltr'><strong>substantia,</strong></span> <span class='ocrx_word' id='word_1_242' title='bbox 826 4107 891 4192; x_wconf 92' lang='lat' dir='ltr'><strong>qui</strong></span> <span class='ocrx_word' id='word_1_243' title='bbox 911 4114 953 4172; x_wconf 89' lang='lat' dir='ltr'><strong>ut</strong></span> <span class='ocrx_word' id='word_1_244' title='bbox 982 4109 1188 4174; x_wconf 63' lang='lat' dir='ltr'><strong>Hactenus</strong></span> 
     </span>
     <span class='ocr_line' id='line_1_37' title="bbox 152 4207 1191 4292; baseline 0.006 -22"><span class='ocrx_word' id='word_1_245' title='bbox 152 4210 349 4280; x_wconf 81' lang='lat' dir='ltr'><strong>testatur,</strong></span> <span class='ocrx_word' id='word_1_246' title='bbox 378 4211 466 4290; x_wconf 88' lang='lat' dir='ltr'><strong>post</strong></span> <span class='ocrx_word' id='word_1_247' title='bbox 494 4207 740 4286; x_wconf 77' lang='lat' dir='ltr'><strong>iniectionem</strong></span> <span class='ocrx_word' id='word_1_248' title='bbox 774 4209 1045 4292; x_wconf 84' lang='lat' dir='ltr'><strong>perfectiorem</strong></span> <span class='ocrx_word' id='word_1_249' title='bbox 1080 4229 1191 4276; x_wconf 84' lang='lat' dir='ltr'><strong>vaso-</strong></span> 
     </span>
     <span class='ocr_line' id='line_1_38' title="bbox 151 4311 1189 4406; baseline 0.007 -27"><span class='ocrx_word' id='word_1_250' title='bbox 151 4327 240 4380; x_wconf 88' lang='lat' dir='ltr'><strong>rum</strong></span> <span class='ocrx_word' id='word_1_251' title='bbox 275 4325 430 4398; x_wconf 85' lang='lat' dir='ltr'><strong>quoque</strong></span> <span class='ocrx_word' id='word_1_252' title='bbox 463 4311 648 4378; x_wconf 85' lang='lat' dir='ltr'><strong>exhibent</strong></span> <span class='ocrx_word' id='word_1_253' title='bbox 682 4313 880 4379; x_wconf 87' lang='lat' dir='ltr'><strong>fasciculos</strong></span> <span class='ocrx_word' id='word_1_254' title='bbox 900 4354 913 4392; x_wconf 91' lang='lat'><strong>,</strong></span> <span class='ocrx_word' id='word_1_255' title='bbox 936 4314 1189 4406; x_wconf 82' lang='lat' dir='ltr'><strong>microscopio</strong></span> 
     </span>
    </p>
   </div>
   <div class='ocr_carea' id='block_1_10' title="bbox 0 0 1466 4996">
    <p class='ocr_par' dir='ltr' id='par_1_10' title="bbox 0 0 1466 4996">
     <span class='ocr_line' id='line_1_39' title="bbox 0 0 1466 4996; baseline 0 5"><span class='ocrx_word' id='word_1_256' title='bbox 0 0 1466 4996; x_wconf 95' lang='lat' dir='ltr'><strong> </strong></span> 
     </span>
    </p>
   </div>
  </div>
 </body>
</html>
