2892 5004
290 405 331 487 ³⁶
392 392 948 466 murmurmurmur.
963 371 1238 457 iusnnrronr.

294 547 419 610 strate
436 537 591 604 demum
609 529 808 608 efficiunt,
832 539 1011 616 separata
1039 533 1180 611 initio,
1203 559 1244 626 ac
1275 537 1342 604 de·

286 667 421 732 mum,
439 643 508 710 ubi
526 647 612 707 tota
630 640 753 736 pulpa¹
769 657 876 703 ossea
906 641 986 711 est,
1011 639 1180 711 invicem
1203 643 1343 734 cohae-

266 769 269 778 ’
290 753 421 840 ront'ia
438 752 526 832 ⁸t).·
546 749 776 828 comparent
794 743 837 808 in
861 740 1042 830 dentibus
1064 741 1240 809 incisivis
1264 747 1342 810 duo

252 853 255 860 ’
292 863 361 921 aut
383 855 481 930 tria,
503 855 577 918 duo
601 852 643 914 in
676 848 849 926 caninis,
871 854 985 933 atque
1016 850 1097 912 tria
1123 870 1242 936 usque
1273 870 1340 916 sex

291 959 567 1026 ossificationis
587 959 731 1040 puncta
750 953 793 1016 in
803 953 1041 1050 molaribus„
1054 959 1343 1021 Coronaetcol-

290 1065 372 1128 lum
393 1062 520 1126 dentis
539 1060 664 1122 multo
691 1055 805 1124 citius
824 1075 867 1118 ac
896 1057 1046 1124 radices
1068 1054 1343 1136 efformantur,

276 1178 329 1246 ¹et
344 1166 601 1252 perficiuntur
622 1161 695 1224 hae
716 1160 758 1224 in
774 1161 997 1226 herbivoris
1008 1169 1092 1226 tum
1108 1159 1236 1246 primo
1249 1163 1343 1240 ,ubi

293 1289 436 1336 corona
454 1266 597 1331 dudum
618 1263 758 1348 erupit.

300 1414 303 1420 '
377 1413 527 1478 Corone
548 1407 748 1474 ossificata
766 1409 805 1468 et
824 1406 1023 1473 volumine
1037 1414 1153 1473 aucta
1168 1407 1344 1474 folliculi

285 1523 440 1603 partem
464 1511 686 1596 supremam
714 1515 752 1573 et
773 1507 974 1592 gingivam
995 1511 1345 1598 tendit,undemi-

284 1643 355 1688 nor
364 1621 405 1683 in
413 1619 486 1682 lias
499 1621 629 1700 part-es
640 1611 843 1676 adducitur
853 1615 1053 1698 sanguinis
1061 1619 1345 1704 ,copia,quova-

288 1737 330 1790 sa
339 1717 585 1808 lymphatica
596 1714 1171 1804 plus'resorbent,ipsaequehee
1183 1720 1343 1788 tunicae

236 1886 239 1893 .
289 1827 580 1920 extenuantur,
612 1827 650 1884 et
680 1839 845 1884 coronae
875 1821 1054 1904 apicibus
1096 1823 1343 1907 pedetentim

289 1932 552 2018 perforantur.
575 1929 640 1990 Est
663 1932 792 1990 autem
827 1923 1004 1990 dentium
1040 1931 1192 2011 eruptio
1217 1919 1343 2014 'saepe

237 2029 239 2034 ’
290 2055 377 2101 cum
393 2030 630 2117 gravissimis
650 2027 856 2112 conjuncta
879 2032 1224 2112 symptomatibus,
1237 2035 1342 2120 quod

292 2139 471 2204 adfectae
492 2133 673 2219 gingivae
686 2133 871 2212 ,nullum
886 2153 1040 2196 sensum
1059 2135 1242 2212 habenti,
1272 2141 1342 2203 ad-

290 2243 412 2312 scribi
426 2239 593 2328 minime
612 2242 740 2322 potest
754 2279 766 2314 ,
780 2231 921 2322 'verum
952 2260 975 2302 a
1005 2239 1189 2304 maxillae
1212 2243 1340 2324 potius

293 2345 537 2416 diductione,
555 2347 597 2405 et
619 2345 707 2405 orta
721 2338 814 2402 hinc
833 2338 937 2420 paris
975 2340 1106 2424 quinti
1132 2363 1340 2410 nervorum

292 2441 550 2528 cerebralium
569 2445 763 2518 tensione,
783 2463 881 2528 eque
897 2443 1140 2516 evolutionis
1159 2467 1341 2530 processu

289 2549 578 2636 informandos
600 2549 729 2614 dentes
747 2565 853 2610 uuna
866 2565 1068 2624 converso,
1086 2533 1338 2632 repeteridum

292 2658 450 2726 videtur
468 2657 526 2742 a).

381 2812 510 2888 Ordo,
530 2827 604 2894 quo
623 2809 754 2874 dentes
773 2809 816 2872 in
842 2805 1004 2874 homine
1032 2809 1246 2896 prodeunt,
1281 2837 1340 2884 se.

295 2939 414 3009 quens
433 2915 650 3002 plurimum
669 2919 745 3004 est:
770 2935 792 2976 e
812 2914 976 2998 septimo
998 2917 1048 2980 ad
1067 2939 1213 2984 nonum
1231 2942 1340 2986 men-

293 3043 395 3099 sem,
412 3039 522 3102 saepe
536 3081 539 3090 ,
554 3015 672 3080 etlam
702 3015 817 3098 eitius
835 3023 902 3082 aut
919 3018 1085 3096 tardius,
1099 3021 1172 3088 duo
1189 3025 1339 3092 inciso·

224 3177 226 3184 ,
291 3143 352 3192 res
374 3121 496 3188 medii
512 3120 554 3184 in
573 3119 1169 3210 ¹maxillainferioreerumpunt3
1186 3131 1351 3217 aliquot=
1439 3113 1440 3116 Ἴ

292 3220 600 3292 hebdomadibus
617 3219 765 3284 tardius
787 3222 908 3286 medii
925 3223 1081 3288 incisivi
1102 3230 1314 3310 superiores
1329 3253 1341 3311 ς

295 3333 595 3416 quatuor-usque
615 3343 678 3386 sex
693 3323 924 3406 septimanis
937 3325 1063 3392 'serius
1090 3332 1248 3400 incisivi
1279 3337 1338 3402 la·

233 3511 235 3520 Ι
293 3420 435 3524 ferales
454 3428 681 3498 inferiores,
701 3445 744 3488 ac
761 3425 914 3492 demum
936 3434 1152 3515 superiores
1182 3438 1224 3502 in
1248 3461 1339 3506 con-

293 3541 467 3621 spectum
487 3531 670 3610 veniunt3-
688 3531 793 3594 intra
809 3545 980 3598 mensem
1009 3537 1278 3608 duodecimum
1298 3551 1338 3610 et

292 3641 486 3727 decimum
507 3641 687 3721 quartum
706 3633 826 3716 primi
845 3637 1009 3704 molares
1039 3642 1264 3723 inferiores,
1298 3655 1337 3714 et

293 3769 384 3814 mox
411 3741 626 3828 superiores
650 3737 861 3823 prodeunt3
895 3742 1001 3809 intra
1034 3767 1202 3816 mensem
1235 3753 1338 3818 deci·

291 3865 399 3920 mum
416 3851 624 3914 sextum-et
640 3843 871 3928 vigesimum
892 3851 1023 3915 canini
1043 3853 1266 3935 inferiores,
1292 3882 1335 3925 ao

291 3955 450 4021 demum
469 3947 685 4030 superiores
705 3967 783 4011 sese
804 3945 985 4018 efferunt.
1008 3955 1146 4024 Eodem
1171 3960 1334 4050 denique

292 4055 430 4126 ordine
447 4053 851 4135 sequuntur-molares·
879 4055 1134 4139 posteriores,
1163 4072 1207 4130 ut
1239 4071 1335 4136 adeo

293 4184 413 4250 usque
429 4157 546 4222 finem
569 4155 663 4250 aqui
680 4156 835 4221 secundi
869 4179 1001 4228 omnes
1027 4165 1159 4236 dentes
1188 4173 1336 4256 priores

295 4268 364 4352 (ια
377 4283 394 4334 o
406 4267 453 4327 te
462 4259 519 4348 i),
538 4277 705 4346 quorum,
717 4260 862 4345 viginti
877 4271 992 4342 sunt,
1012 4271 1212 4352 prodeant.
1235 4277 1338 4344 Mul.
