2922 4996
275 426 339 506 156
381 423 467 488 Lis·
481 419 508 486 1.
521 425 613 488 oar.
632 410 1252 491 II.Dnrarrrrrr.n1‘ersr-10rr.,

273 583 363 632 men
393 564 472 643 eiua
497 561 586 627 inde
611 583 635 624 a
661 561 937 624 mammalibus
965 557 1013 622 ad
1043 559 1164 642 pisces
1195 580 1315 646 usque

193 681 196 687 '
274 671 508 745 minuatur,
536 669 653 753 inque
682 664 879 730 molluscis
903 663 1031 727 nullus
1060 665 1175 746 plane
1204 685 1315 748 repe-

272 773 399 838 riatur
419 773 514 841 lien.
537 771 698 856 Aliquae
718 777 849 834 tamen
869 769 1100 833 animalium
1127 771 1270 852 species
1292 790 1317 834 a

272 877 447 964 generali
476 877 549 940 hac
582 877 804 940 eximuntur
831 875 1095 960 regu1a;su11t
1118 875 1221 938 enim
1253 877 1315 958 pi·

272 1000 352 1046 sees
384 979 596 1058 nonnulli,
627 980 693 1063 q'ui
727 978 918 1064 insignem
947 977 1097 1060 habent
1126 980 1314 1060 splenem.

272 1088 312 1152 Si
330 1088 496 1170 figuram
518 1091 730 1170 spectemus
747 1087 824 1172 ejus
848 1085 1006 1169 organi,
1020 1085 1208 1162 colorem,
1227 1105 1316 1149 con·
1401 1125 1406 1138 ·

273 1187 511 1262 sistentiam,
531 1207 711 1250 vasorum
736 1193 773 1250 et
794 1205 1000 1252 nervorum
1022 1185 1321 1266 proportionem¹

275 1298 360 1371 etc,
382 1285 466 1356 tum
491 1293 631 1355 multas
655 1293 845 1356 cernimus
869 1295 910 1358 iu
933 1291 1053 1356 variis
1077 1290 1314 1355 animalibus

274 1393 552 1473 differentias3
579 1397 676 1460 situs
711 1403 842 1459 autem
869 1395 1062 1474 visceris,
1091 1393 1312 1458 ventriculo

271 1501 333 1564 vel
353 1491 539 1563 intestino
569 1497 741 1574 vicinus,
769 1505 884 1586 atque
906 1519 1086 1562 vasorum
1116 1499 1322 1583 sanguise.
1359 1513 1363 1518 “

272 1623 405 1669 rorum
426 1603 474 1667 ad
493 1624 542 1684 aa
562 1621 704 1686 organa
735 1611 772 1667 et
797 1603 844 1666 ad
867 1603 986 1686 hepar
1005 1601 1165 1676 relatio,
1188 1601 1315 1665 omni·

271 1706 344 1780 bus
364 1706 478 1788 plane
496 1707 716 1768 communia
740 1712 840 1768 sunt.
872 1705 1046 1769 Arteriaa
1072 1703 1173 1766 enim
1192 1703 1315 1768 liena·

274 1811 330 1872 les
350 1809 398 1888 in¹
411 1807 607 1894 quibusvis
633 1808 889 1870 mammiferis
914 1806 1148 1870 animalibus
1163 1827 1207 1868 ex
1229 1824 1313 1869 coe-

273 1913 398 1988 liaco,
423 1933 518 1997 quae
539 1906 795 1996 principblem
814 1911 941 1974 mittit
969 1903 1179 1992 splenieam
1213 1915 1316 1972 arte·

276 2016 402 2091 riam,
421 2017 611 2099 originem
634 2001 791 2079 habent.
826 2015 869 2076 In
902 2011 1063 2078 cataceis
1096 2011 1313 2096 (Delphino

275 2117 455 2200 delphi),
485 2118 600 2203 inque
639 2119 809 2197 avibus,
839 2117 1044 2201 reptilibus
1074 2121 1111 2178 et
1141 2113 1313 2198 piscibus

275 2223 442 2285 arteriae
462 2222 620 2284 lienales
642 2241 726 2283 cum
746 2223 828 2304 ipso
843 2221 946 2284 liene
966 2223 1072 2283 certa
1090 2218 1313 2282 decrescunt

274 2325 552 2408 proportione,
575 2331 740 2408 suntque
770 2324 917 2410 priores
941 2325 1043 2386 rami
1073 2327 1226 2386 tantum
1257 2321 1315 2382 la·

225 2455 228 2464 ·
276 2430 375 2492 teral
438 2429 668 2492 arteriarum
691 2427 897 2493 ventriculi
908 2425 1104 2504 ,duodeni
1128 2432 1193 2490 aut
1212 2445 1315 2489 mes-

275 2433 436 2702 enterx..
461 2534 581 2597 Venae
605 2532 765 2597 lienales
797 2531 1159 2616 apudmammalia,
1182 2529 1223 2593 in
1251 2551 1314 2593 ra-

273 2657 382 2702 mum
404 2631 409 2644 ⁸
429 2659 521 2702 enae
542 2643 742 2722 portarum
767 2641 1017 2710 concurrunt,
1040 2635 1184 2700 arteria
1213 2637 1315 2717 sple-

274 2741 364 2804 nica
384 2745 506 2805 multo
527 2742 778 2824 ampliorem
800 2741 840 2802 in
869 2740 1047 2804 omnibus
1070 2745 1199 2804 autem
1221 2741 1312 2804 bru·

271 2844 348 2919 tis,
371 2836 466 2930 quae
498 2844 601 2906 liene
630 2843 821 2928 gaudent,
846 2842 1000 2926 sanguis
1023 2865 1066 2906 ex
1097 2861 1140 2906 eo
1166 2860 1311 2925 organo

274 2945 417 3023 redux,
442 2948 489 3010 ad
509 2947 629 3029 hepar
646 2949 787 3023 fertur,
812 2946 913 3032 quod
932 2945 974 3009 in
994 2944 1229 3010 animalibus
1251 2945 1313 3008 in-

274 3049 460 3112 feriorum
491 3048 673 3114 classium
703 3069 771 3133 per
801 3067 929 3113 ramos
960 3065 1154 3123 venosos,
1183 3046 1313 3111 minus

276 3153 467 3216 notabiles
487 3152 626 3216 accidit
646 3155 702 3242 ¹⁵).

311 3365 313 3370 ,
359 3309 403 3374 In
422 3312 693 3378 mammalibus
706 3359 718 3392 ,
731 3320 775 3378 ut
793 3315 834 3378 in
854 3316 1013 3382 homine
1035 3317 1115 3382 lien
1134 3337 1314 3400 pervasa

274 3411 409 3478 brevia
427 3417 643 3480 ventriculo
666 3418 853 3500 nectitur3
877 3420 919 3482 in
941 3421 1075 3483 avibus
1096 3419 1314 3504 ingluviei,

276 3519 340 3583 val
361 3516 495 3582 echino
516 3517 666 3582 vicinus
691 3519 831 3604 estglin
854 3521 1058 3603 reptilibus
1081 3527 1118 3584 et
1143 3523 1313 3605 piscibus

277 3621 356 3704 iam
381 3619 626 3696 ventriculo,
658 3622 737 3706 jam
767 3640 858 3688 vero
879 3625 1073 3688 intestino
1107 3627 1214 3689 tenui
1244 3631 1312 3692 aut

275 3722 505 3788 mesenterio
527 3723 722 3789 adhaeret.
744 3727 787 3791 In
809 3746 905 3791 rana
923 3727 1140 3802 esculenta,
1163 3733 1206 3791 ut
1227 3731 1314 3793 Mo·

217 3863 228 3888 s
280 3839 427 3890 nusum
448 3821 637 3902 advertit,
660 3849 751 3891 vasa
781 3827 944 3892 lienalia
972 3848 1058 3892 oum
1079 3830 1181 3892 vasis
1210 3828 1314 3893 inte·

200 3975 203 3979 -
276 3929 371 3994 stini
393 3931 488 3995 reoli
509 3932 818 4008 communicant,
842 3939 880 3997 at
898 3938 1012 4018 putat
1042 3932 1074 3996 is
1097 3938 1229 3996 auctor
1255 3954 1315 3996 se·

274 4035 358 4096 met
379 4034 620 4112 observasse,
646 4035 900 4120 digestionem
923 4035 1024 4120 apud
1041 4037 1136 4100 haec
1162 4036 1314 4105 anima-

274 4133 329 4198 lia
348 4133 388 4200 in
408 4137 593 4203 intestino
616 4147 720 4205 racto
733 4185 745 4219 ,
770 4143 870 4228 quod
892 4143 933 4206 in
955 4141 1224 4228 glandulosum
1248 4127 1312 4207 exss

270 4237 448 4310 tonditur
471 4263 644 4326 saecum,
668 4245 840 4318 accidere
865 4249 941 4337 ss).
983 4249 1095 4319 Color
1124 4247 1239 4314 lienis
1268 4249 1314 4314 in
