<?xml version="1.0" encoding="UTF-8"?>
<!DOCTYPE html PUBLIC "-//W3C//DTD XHTML 1.0 Transitional//EN"
    "http://www.w3.org/TR/xhtml1/DTD/xhtml1-transitional.dtd">
<html xmlns="http://www.w3.org/1999/xhtml" xml:lang="en" lang="en">
 <head>
  <title>
</title>
<meta http-equiv="Content-Type" content="text/html;charset=utf-8" />
  <meta name='ocr-system' content='tesseract 3.04.00' />
  <meta name='ocr-capabilities' content='ocr_page ocr_carea ocr_par ocr_line ocrx_word'/>
</head>
<body>
  <div class='ocr_page' id='page_1' title='image "./physiologiamedi03lenhgoog_0293.png"; bbox 0 0 2956 4996; ppageno 0'>
   <div class='ocr_carea' id='block_1_1' title="bbox 261 355 1289 490">
    <p class='ocr_par' dir='ltr' id='par_1_1' title="bbox 261 355 1289 490">
     <span class='ocr_line' id='line_1_1' title="bbox 261 355 1289 490; baseline 0.01 -37"><span class='ocrx_word' id='word_1_1' title='bbox 261 355 336 474; x_wconf 57' lang='lat'><strong>&#39;302</strong></span> <span class='ocrx_word' id='word_1_2' title='bbox 419 390 510 458; x_wconf 85' lang='lat' dir='ltr'><strong>Lrn.</strong></span> <span class='ocrx_word' id='word_1_3' title='bbox 534 384 1184 490; x_wconf 65' lang='lat' dir='ltr'><strong>tter.111.Dtrrerrrnrropr.</strong></span> <span class='ocrx_word' id='word_1_4' title='bbox 1207 395 1214 408; x_wconf 90' lang='lat'>&#39;</span> <span class='ocrx_word' id='word_1_5' title='bbox 1279 441 1289 470; x_wconf 74' lang='grc'><strong>.</strong></span> 
     </span>
    </p>
   </div>
   <div class='ocr_carea' id='block_1_2' title="bbox 339 534 1320 792">
    <p class='ocr_par' dir='ltr' id='par_1_2' title="bbox 339 534 1320 792">
     <span class='ocr_line' id='line_1_2' title="bbox 372 534 1315 619; baseline -0.002 -27"><span class='ocrx_word' id='word_1_6' title='bbox 372 538 403 606; x_wconf 83' lang='lat' dir='ltr'><strong>e)</strong></span> <span class='ocrx_word' id='word_1_7' title='bbox 419 535 523 592; x_wconf 77' lang='lat' dir='ltr'><strong>Risum</strong></span> <span class='ocrx_word' id='word_1_8' title='bbox 541 536 715 593; x_wconf 74' lang='lat' dir='ltr'><strong>sardonium</strong></span> <span class='ocrx_word' id='word_1_9' title='bbox 730 536 761 588; x_wconf 89' lang='lat' dir='ltr'><strong>in</strong></span> <span class='ocrx_word' id='word_1_10' title='bbox 781 551 877 608; x_wconf 85' lang='lat' dir='ltr'><strong>puero</strong></span> <span class='ocrx_word' id='word_1_11' title='bbox 896 534 960 589; x_wconf 88' lang='lat' dir='ltr'><strong>vidi</strong></span> <span class='ocrx_word' id='word_1_12' title='bbox 977 550 995 604; x_wconf 92' lang='lat'>7</span> <span class='ocrx_word' id='word_1_13' title='bbox 1012 555 1100 604; x_wconf 69' lang='lat' dir='ltr'><strong>nnn„</strong></span> <span class='ocrx_word' id='word_1_14' title='bbox 1117 541 1171 612; x_wconf 86' lang='lat' dir='ltr'><strong>qni</strong></span> <span class='ocrx_word' id='word_1_15' title='bbox 1186 543 1315 619; x_wconf 60' lang='lat' dir='ltr'><strong>Hyoqpy.</strong></span> 
     </span>
     <span class='ocr_line' id='line_1_3' title="bbox 339 622 1320 706; baseline 0.007 -24"><span class='ocrx_word' id='word_1_16' title='bbox 339 640 437 682; x_wconf 72' lang='lat' dir='ltr'><strong>arnum</strong></span> <span class='ocrx_word' id='word_1_17' title='bbox 455 625 574 698; x_wconf 82' lang='lat' dir='ltr'><strong>nigrum</strong></span> <span class='ocrx_word' id='word_1_18' title='bbox 593 625 757 686; x_wconf 77' lang='lat' dir='ltr'><strong>devoravit.</strong></span> <span class='ocrx_word' id='word_1_19' title='bbox 776 625 810 679; x_wconf 88' lang='lat' dir='ltr'><strong>ln</strong></span> <span class='ocrx_word' id='word_1_20' title='bbox 825 622 996 681; x_wconf 73' lang='lat' dir='ltr'>verminosa</span> <span class='ocrx_word' id='word_1_21' title='bbox 1013 627 1184 686; x_wconf 76' lang='lat' dir='ltr'><strong>adfectione</strong></span> <span class='ocrx_word' id='word_1_22' title='bbox 1197 633 1230 688; x_wconf 93' lang='lat' dir='ltr'><strong>id</strong></span> <span class='ocrx_word' id='word_1_23' title='bbox 1245 650 1320 706; x_wconf 73' lang='lat' dir='ltr'><strong>syrn-</strong></span> 
     </span>
     <span class='ocr_line' id='line_1_4' title="bbox 342 713 723 792; baseline -0.008 -23"><span class='ocrx_word' id='word_1_24' title='bbox 342 724 446 792; x_wconf 83' lang='lat' dir='ltr'><strong>ptomn</strong></span> <span class='ocrx_word' id='word_1_25' title='bbox 461 713 581 787; x_wconf 80' lang='lat' dir='ltr'><strong>oeepiue</strong></span> <span class='ocrx_word' id='word_1_26' title='bbox 594 713 723 769; x_wconf 75' lang='lat' dir='ltr'>adverti.</span> 
     </span>
    </p>
   </div>
   <div class='ocr_carea' id='block_1_3' title="bbox 249 837 1318 1008">
    <p class='ocr_par' dir='ltr' id='par_1_3' title="bbox 249 837 1318 1008">
     <span class='ocr_line' id='line_1_5' title="bbox 374 837 1318 934; baseline 0.006 -36"><span class='ocrx_word' id='word_1_27' title='bbox 374 845 408 914; x_wconf 84' lang='lat' dir='ltr'><strong>h)</strong></span> <span class='ocrx_word' id='word_1_28' title='bbox 425 845 519 901; x_wconf 74' lang='lat' dir='ltr'><strong>JEAN</strong></span> <span class='ocrx_word' id='word_1_29' title='bbox 536 844 638 900; x_wconf 77' lang='lat' dir='ltr'>PAUL</span> <span class='ocrx_word' id='word_1_30' title='bbox 657 841 869 914; x_wconf 79' lang='lat' dir='ltr'><strong>(Richter):</strong></span> <span class='ocrx_word' id='word_1_31' title='bbox 886 837 1053 902; x_wconf 86' lang='lat' dir='ltr'><strong>Vorechui&#39;e</strong></span> <span class='ocrx_word' id='word_1_32' title='bbox 1077 846 1133 903; x_wconf 90' lang='lat' dir='ltr'><strong>der</strong></span> <span class='ocrx_word' id='word_1_33' title='bbox 1147 847 1318 934; x_wconf 70' lang='lat' dir='ltr'><strong>Aeethctih.</strong></span> 
     </span>
     <span class='ocr_line' id='line_1_6' title="bbox 249 933 842 1008; baseline 0.005 -19"><span class='ocrx_word' id='word_1_34' title='bbox 249 968 253 978; x_wconf 80' lang='lat'>·</span> <span class='ocrx_word' id='word_1_35' title='bbox 347 934 477 1008; x_wconf 80' lang='lat' dir='ltr'><strong>Ttibing.</strong></span> <span class='ocrx_word' id='word_1_36' title='bbox 494 935 574 1002; x_wconf 80' lang='lat'><strong>1813.</strong></span> <span class='ocrx_word' id='word_1_37' title='bbox 588 935 616 988; x_wconf 81' lang='grc'><strong>8.</strong></span> <span class='ocrx_word' id='word_1_38' title='bbox 631 933 656 987; x_wconf 90' lang='lat'><strong>1.</strong></span> <span class='ocrx_word' id='word_1_39' title='bbox 676 933 706 1004; x_wconf 63' lang='lat' dir='ltr'><strong>d.</strong></span> <span class='ocrx_word' id='word_1_40' title='bbox 725 933 842 1002; x_wconf 80' lang='lat'><strong>28—30.</strong></span> 
     </span>
    </p>
   </div>
   <div class='ocr_carea' id='block_1_4' title="bbox 382 1059 1319 1139">
    <p class='ocr_par' dir='ltr' id='par_1_4' title="bbox 382 1059 1319 1139">
     <span class='ocr_line' id='line_1_7' title="bbox 382 1059 1319 1139; baseline 0 -15"><span class='ocrx_word' id='word_1_41' title='bbox 382 1069 412 1137; x_wconf 82' lang='lat' dir='ltr'><strong>c)</strong></span> <span class='ocrx_word' id='word_1_42' title='bbox 428 1063 583 1120; x_wconf 75' lang='lat' dir='ltr'>HALLER</span> <span class='ocrx_word' id='word_1_43' title='bbox 599 1063 623 1125; x_wconf 85' lang='lat' dir='ltr'><strong>l.</strong></span> <span class='ocrx_word' id='word_1_44' title='bbox 641 1079 670 1126; x_wconf 81' lang='lat' dir='ltr'><strong>o.</strong></span> <span class='ocrx_word' id='word_1_45' title='bbox 685 1079 717 1136; x_wconf 92' lang='lat' dir='ltr'><strong>p.</strong></span> <span class='ocrx_word' id='word_1_46' title='bbox 731 1063 801 1134; x_wconf 78' lang='lat'><strong>307.</strong></span> <span class='ocrx_word' id='word_1_47' title='bbox 816 1093 849 1106; x_wconf 93' lang='lat'><em>-</em></span> <span class='ocrx_word' id='word_1_48' title='bbox 866 1059 899 1132; x_wconf 86' lang='lat' dir='ltr'><strong>d)</strong></span> <span class='ocrx_word' id='word_1_49' title='bbox 914 1061 992 1128; x_wconf 79' lang='lat' dir='ltr'><strong>ibid.</strong></span> <span class='ocrx_word' id='word_1_50' title='bbox 1011 1091 1046 1106; x_wconf 93' lang='lat'><em>—</em></span> <span class='ocrx_word' id='word_1_51' title='bbox 1064 1066 1094 1131; x_wconf 87' lang='lat' dir='ltr'><strong>e)</strong></span> <span class='ocrx_word' id='word_1_52' title='bbox 1108 1061 1184 1121; x_wconf 82' lang='lat' dir='ltr'><strong>ibid.</strong></span> <span class='ocrx_word' id='word_1_53' title='bbox 1200 1080 1232 1139; x_wconf 89' lang='lat' dir='ltr'><strong>p.</strong></span> <span class='ocrx_word' id='word_1_54' title='bbox 1250 1065 1319 1127; x_wconf 73' lang='lat'><strong>808.</strong></span> 
     </span>
    </p>
   </div>
   <div class='ocr_carea' id='block_1_5' title="bbox 338 1333 1316 1529">
    <p class='ocr_par' dir='ltr' id='par_1_5' title="bbox 338 1333 1316 1529">
     <span class='ocr_line' id='line_1_8' title="bbox 369 1333 1314 1442; baseline -0.004 -14"><span class='ocrx_word' id='word_1_55' title='bbox 369 1357 652 1428; x_wconf 63' lang='lat' dir='ltr'><strong>educentium</strong></span> <span class='ocrx_word' id='word_1_56' title='bbox 673 1367 710 1424; x_wconf 69' lang='lat' dir='ltr'><strong>re</strong></span> <span class='ocrx_word' id='word_1_57' title='bbox 729 1333 813 1442; x_wconf 65' lang='lat' dir='ltr'><strong>corp.</strong></span> <span class='ocrx_word' id='word_1_58' title='bbox 836 1367 917 1422; x_wconf 77' lang='lat' dir='ltr'><strong>ium.</strong></span> <span class='ocrx_word' id='word_1_59' title='bbox 939 1367 1065 1426; x_wconf 74' lang='lat' dir='ltr'><strong>fabrica.</strong></span> <span class='ocrx_word' id='word_1_60' title='bbox 1082 1369 1134 1424; x_wconf 81' lang='lat' dir='ltr'><strong>vr.</strong></span> <span class='ocrx_word' id='word_1_61' title='bbox 1149 1385 1179 1442; x_wconf 75' lang='lat' dir='ltr'><strong>p.</strong></span> <span class='ocrx_word' id='word_1_62' title='bbox 1195 1370 1240 1440; x_wconf 61' lang='lat' dir='ltr'><strong>qo.</strong></span> <span class='ocrx_word' id='word_1_63' title='bbox 1263 1385 1314 1442; x_wconf 67' lang='lat' dir='ltr'><strong>eq.</strong></span> 
     </span>
     <span class='ocr_line' id='line_1_9' title="bbox 338 1456 1316 1529; baseline -0.001 -15"><span class='ocrx_word' id='word_1_64' title='bbox 338 1489 373 1505; x_wconf 92' lang='lat'><strong>-·</strong></span> <span class='ocrx_word' id='word_1_65' title='bbox 387 1461 415 1514; x_wconf 88' lang='lat' dir='ltr'><strong>J.</strong></span> <span class='ocrx_word' id='word_1_66' title='bbox 433 1457 515 1514; x_wconf 83' lang='lat' dir='ltr'><strong>Frid.</strong></span> <span class='ocrx_word' id='word_1_67' title='bbox 533 1458 764 1513; x_wconf 76' lang='lat' dir='ltr'>SCHREIBER:</span> <span class='ocrx_word' id='word_1_68' title='bbox 784 1456 855 1518; x_wconf 79' lang='lat' dir='ltr'><strong>diso.</strong></span> <span class='ocrx_word' id='word_1_69' title='bbox 870 1457 907 1512; x_wconf 89' lang='lat' dir='ltr'><strong>de</strong></span> <span class='ocrx_word' id='word_1_70' title='bbox 924 1457 1064 1529; x_wconf 76' lang='lat' dir='ltr'><strong>lacrymis</strong></span> <span class='ocrx_word' id='word_1_71' title='bbox 1079 1467 1110 1511; x_wconf 84' lang='lat' dir='ltr'><strong>et</strong></span> <span class='ocrx_word' id='word_1_72' title='bbox 1126 1456 1207 1510; x_wconf 87' lang='lat' dir='ltr'><strong>fletu.</strong></span> <span class='ocrx_word' id='word_1_73' title='bbox 1228 1458 1316 1528; x_wconf 84' lang='lat' dir='ltr'><strong>Lipe.</strong></span> 
     </span>
    </p>
   </div>
   <div class='ocr_carea' id='block_1_6' title="bbox 271 1545 1320 1972">
    <p class='ocr_par' dir='ltr' id='par_1_6' title="bbox 271 1545 1320 1972">
     <span class='ocr_line' id='line_1_10' title="bbox 339 1545 1315 1622; baseline -0.003 -16"><span class='ocrx_word' id='word_1_74' title='bbox 339 1552 419 1622; x_wconf 80' lang='lat'><strong>1728.</strong></span> <span class='ocrx_word' id='word_1_75' title='bbox 435 1558 463 1614; x_wconf 73' lang='lat' dir='ltr'><strong>d.</strong></span> <span class='ocrx_word' id='word_1_76' title='bbox 476 1575 511 1590; x_wconf 89' lang='lat'><strong>·-·</strong></span> <span class='ocrx_word' id='word_1_77' title='bbox 525 1547 618 1602; x_wconf 88' lang='lat' dir='ltr'><strong>Mich.</strong></span> <span class='ocrx_word' id='word_1_78' title='bbox 637 1547 809 1602; x_wconf 75' lang='lat' dir='ltr'>ALBERT:</span> <span class='ocrx_word' id='word_1_79' title='bbox 828 1546 898 1600; x_wconf 78' lang='lat' dir='ltr'><strong>dios.</strong></span> <span class='ocrx_word' id='word_1_80' title='bbox 916 1545 953 1598; x_wconf 89' lang='lat' dir='ltr'><strong>de</strong></span> <span class='ocrx_word' id='word_1_81' title='bbox 971 1546 1171 1613; x_wconf 74' lang='lat' dir='ltr'><strong>lacrymarum</strong></span> <span class='ocrx_word' id='word_1_82' title='bbox 1186 1562 1261 1599; x_wconf 76' lang='lat' dir='ltr'><strong>nonu</strong></span> <span class='ocrx_word' id='word_1_83' title='bbox 1281 1556 1315 1602; x_wconf 78' lang='lat' dir='ltr'><strong>et</strong></span> 
     </span>
     <span class='ocr_line' id='line_1_11' title="bbox 271 1629 1314 1704; baseline -0.009 -10"><span class='ocrx_word' id='word_1_84' title='bbox 271 1683 276 1694; x_wconf 89' lang='lat'><strong>.</strong></span> <span class='ocrx_word' id='word_1_85' title='bbox 337 1638 480 1694; x_wconf 80' lang='lat' dir='ltr'><strong>utilitate.</strong></span> <span class='ocrx_word' id='word_1_86' title='bbox 497 1636 612 1701; x_wconf 80' lang='lat' dir='ltr'><strong>Halae,</strong></span> <span class='ocrx_word' id='word_1_87' title='bbox 630 1634 707 1704; x_wconf 77' lang='lat'><strong>1737.</strong></span> <span class='ocrx_word' id='word_1_88' title='bbox 728 1661 763 1674; x_wconf 88' lang='lat'><strong>·-</strong></span> <span class='ocrx_word' id='word_1_89' title='bbox 780 1633 814 1686; x_wconf 85' lang='lat' dir='ltr'><strong>E.</strong></span> <span class='ocrx_word' id='word_1_90' title='bbox 834 1633 870 1686; x_wconf 74' lang='lat' dir='ltr'><strong>A.</strong></span> <span class='ocrx_word' id='word_1_91' title='bbox 889 1630 1079 1687; x_wconf 81' lang='lat' dir='ltr'>NICOLAI&#39;S</span> <span class='ocrx_word' id='word_1_92' title='bbox 1097 1629 1260 1684; x_wconf 77' lang='lat' dir='ltr'><strong>Gednnlren</strong></span> <span class='ocrx_word' id='word_1_93' title='bbox 1278 1649 1314 1690; x_wconf 87' lang='lat' dir='ltr'><strong>v.</strong></span> 
     </span>
     <span class='ocr_line' id='line_1_12' title="bbox 339 1717 1320 1793; baseline -0.007 -10"><span class='ocrx_word' id='word_1_94' title='bbox 339 1731 481 1784; x_wconf 81' lang='lat' dir='ltr'><strong>Thriincn</strong></span> <span class='ocrx_word' id='word_1_95' title='bbox 505 1742 536 1779; x_wconf 89' lang='lat' dir='ltr'><strong>u.</strong></span> <span class='ocrx_word' id='word_1_96' title='bbox 561 1723 702 1780; x_wconf 88' lang='lat' dir='ltr'><strong>Weinen.</strong></span> <span class='ocrx_word' id='word_1_97' title='bbox 720 1722 827 1788; x_wconf 83' lang='lat' dir='ltr'><strong>Helle,</strong></span> <span class='ocrx_word' id='word_1_98' title='bbox 852 1726 933 1793; x_wconf 66' lang='lat'><strong>1748.</strong></span> <span class='ocrx_word' id='word_1_99' title='bbox 957 1749 992 1762; x_wconf 93' lang='lat'>-</span> <span class='ocrx_word' id='word_1_100' title='bbox 1015 1723 1067 1778; x_wconf 80' lang='lat' dir='ltr'><strong>Fr.</strong></span> <span class='ocrx_word' id='word_1_101' title='bbox 1089 1717 1320 1776; x_wconf 77' lang='lat' dir='ltr'>LqufflUS:</span> 
     </span>
     <span class='ocr_line' id='line_1_13' title="bbox 338 1807 1320 1879; baseline -0.009 -6"><span class='ocrx_word' id='word_1_102' title='bbox 338 1821 410 1877; x_wconf 77' lang='lat' dir='ltr'><strong>dise.</strong></span> <span class='ocrx_word' id='word_1_103' title='bbox 429 1816 466 1872; x_wconf 89' lang='lat' dir='ltr'><strong>de</strong></span> <span class='ocrx_word' id='word_1_104' title='bbox 482 1815 558 1870; x_wconf 85' lang='lat' dir='ltr'><strong>risu.</strong></span> <span class='ocrx_word' id='word_1_105' title='bbox 577 1813 669 1867; x_wconf 81' lang='lat' dir='ltr'><strong>Baeii.</strong></span> <span class='ocrx_word' id='word_1_106' title='bbox 691 1813 767 1879; x_wconf 70' lang='lat'><strong>1738.</strong></span> <span class='ocrx_word' id='word_1_107' title='bbox 783 1812 810 1878; x_wconf 75' lang='grc'><strong>4.</strong></span> <span class='ocrx_word' id='word_1_108' title='bbox 824 1841 858 1852; x_wconf 89' lang='lat'><em>-</em></span> <span class='ocrx_word' id='word_1_109' title='bbox 876 1811 909 1864; x_wconf 83' lang='lat' dir='ltr'><strong>E.</strong></span> <span class='ocrx_word' id='word_1_110' title='bbox 929 1811 965 1864; x_wconf 72' lang='lat' dir='ltr'><strong>A.</strong></span> <span class='ocrx_word' id='word_1_111' title='bbox 980 1807 1157 1864; x_wconf 78' lang='lat' dir='ltr'><strong>utcotnr:</strong></span> <span class='ocrx_word' id='word_1_112' title='bbox 1179 1825 1246 1862; x_wconf 84' lang='lat' dir='ltr'><strong>vom</strong></span> <span class='ocrx_word' id='word_1_113' title='bbox 1263 1807 1320 1864; x_wconf 80' lang='lat' dir='ltr'><strong>Ln-</strong></span> 
     </span>
     <span class='ocr_line' id='line_1_14' title="bbox 339 1893 1316 1972; baseline -0.009 -14"><span class='ocrx_word' id='word_1_114' title='bbox 339 1904 426 1963; x_wconf 81' lang='lat' dir='ltr'><strong>chen.</strong></span> <span class='ocrx_word' id='word_1_115' title='bbox 442 1900 551 1966; x_wconf 78' lang='lat' dir='ltr'><strong>Helle,</strong></span> <span class='ocrx_word' id='word_1_116' title='bbox 571 1899 648 1971; x_wconf 73' lang='lat'><strong>1746.</strong></span> <span class='ocrx_word' id='word_1_117' title='bbox 667 1899 694 1954; x_wconf 80' lang='lat'><strong>8.</strong></span> <span class='ocrx_word' id='word_1_118' title='bbox 712 1927 753 1948; x_wconf 54' lang='lat'><strong>-.</strong></span> <span class='ocrx_word' id='word_1_119' title='bbox 763 1897 801 1952; x_wconf 91' lang='lat' dir='ltr'><strong>D.</strong></span> <span class='ocrx_word' id='word_1_120' title='bbox 819 1897 855 1959; x_wconf 84' lang='grc' dir='ltr'><strong>Ρ.</strong></span> <span class='ocrx_word' id='word_1_121' title='bbox 879 1896 975 1950; x_wconf 76' lang='lat' dir='ltr'><strong>flor:</strong></span> <span class='ocrx_word' id='word_1_122' title='bbox 995 1896 1097 1950; x_wconf 84' lang='lat' dir='ltr'><strong>Trnitc&#39;</strong></span> <span class='ocrx_word' id='word_1_123' title='bbox 1120 1893 1316 1972; x_wconf 57' lang='lat' dir='ltr'><strong>mtdicopir‘h</strong></span> 
     </span>
    </p>
   </div>
   <div class='ocr_carea' id='block_1_7' title="bbox 335 1987 1057 2068">
    <p class='ocr_par' dir='ltr' id='par_1_7' title="bbox 335 1987 1057 2068">
     <span class='ocr_line' id='line_1_15' title="bbox 335 1987 1057 2068; baseline -0.008 -20"><span class='ocrx_word' id='word_1_124' title='bbox 335 1991 515 2068; x_wconf 78' lang='lat' dir='ltr'><strong>locophique</strong></span> <span class='ocrx_word' id='word_1_125' title='bbox 528 1991 626 2048; x_wconf 79' lang='lat' dir='ltr'><strong>eurio</strong></span> <span class='ocrx_word' id='word_1_126' title='bbox 642 1989 715 2045; x_wconf 75' lang='lat' dir='ltr'><strong>Hire</strong></span> <span class='ocrx_word' id='word_1_127' title='bbox 731 1998 791 2053; x_wconf 82' lang='lat' dir='ltr'><strong>etc.</strong></span> <span class='ocrx_word' id='word_1_128' title='bbox 807 1987 911 2056; x_wconf 77' lang='lat' dir='ltr'><strong>Paris,</strong></span> <span class='ocrx_word' id='word_1_129' title='bbox 931 1992 1014 2054; x_wconf 65' lang='grc' dir='ltr'><strong>ιω,</strong></span> <span class='ocrx_word' id='word_1_130' title='bbox 1029 1995 1057 2057; x_wconf 68' lang='grc' dir='ltr'><strong>Β.</strong></span> 
     </span>
    </p>
   </div>
   <div class='ocr_carea' id='block_1_8' title="bbox 619 2193 874 2269">
    <p class='ocr_par' dir='ltr' id='par_1_8' title="bbox 619 2193 874 2269">
     <span class='ocr_line' id='line_1_16' title="bbox 619 2193 874 2269; baseline -0.004 -6"><span class='ocrx_word' id='word_1_131' title='bbox 619 2251 623 2258; x_wconf 83' lang='grc'><em>,</em></span> <span class='ocrx_word' id='word_1_132' title='bbox 726 2193 757 2263; x_wconf 69' lang='lat' dir='ltr'><strong>d·</strong></span> <span class='ocrx_word' id='word_1_133' title='bbox 799 2194 874 2269; x_wconf 67' lang='lat'><strong>344·</strong></span> 
     </span>
    </p>
   </div>
   <div class='ocr_carea' id='block_1_9' title="bbox 638 2387 941 2488">
    <p class='ocr_par' dir='ltr' id='par_1_9' title="bbox 638 2387 941 2488">
     <span class='ocr_line' id='line_1_17' title="bbox 638 2387 941 2488; baseline 0.01 -37"><span class='ocrx_word' id='word_1_134' title='bbox 638 2387 941 2488; x_wconf 65' lang='lat' dir='ltr'><strong>Singultus.</strong></span> 
     </span>
    </p>
   </div>
   <div class='ocr_carea' id='block_1_10' title="bbox 269 2553 1320 3776">
    <p class='ocr_par' dir='ltr' id='par_1_10' title="bbox 269 2553 1320 3776">
     <span class='ocr_line' id='line_1_18' title="bbox 352 2553 1318 2645; baseline -0.005 -18"><span class='ocrx_word' id='word_1_135' title='bbox 352 2557 530 2645; x_wconf 79' lang='lat' dir='ltr'><strong>iungitur</strong></span> <span class='ocrx_word' id='word_1_136' title='bbox 549 2571 660 2638; x_wconf 78' lang='lat' dir='ltr'><strong>coepe</strong></span> <span class='ocrx_word' id='word_1_137' title='bbox 681 2574 766 2618; x_wconf 89' lang='lat' dir='ltr'><strong>cum</strong></span> <span class='ocrx_word' id='word_1_138' title='bbox 785 2553 878 2618; x_wconf 87' lang='lat' dir='ltr'><strong>fletu</strong></span> <span class='ocrx_word' id='word_1_139' title='bbox 900 2560 967 2620; x_wconf 83' lang='lat' dir='ltr'><strong>eut</strong></span> <span class='ocrx_word' id='word_1_140' title='bbox 987 2555 1090 2632; x_wconf 82' lang='lat' dir='ltr'><strong>risu,</strong></span> <span class='ocrx_word' id='word_1_141' title='bbox 1109 2553 1171 2619; x_wconf 86' lang='lat' dir='ltr'><strong>vel</strong></span> <span class='ocrx_word' id='word_1_142' title='bbox 1188 2573 1318 2622; x_wconf 82' lang='lat' dir='ltr'><strong>euoce-</strong></span> 
     </span>
     <span class='ocr_line' id='line_1_19' title="bbox 271 2657 1318 2744; baseline -0.008 -10"><span class='ocrx_word' id='word_1_143' title='bbox 271 2667 330 2734; x_wconf 90' lang='lat' dir='ltr'><strong>dit</strong></span> <span class='ocrx_word' id='word_1_144' title='bbox 356 2665 418 2730; x_wconf 80' lang='lat' dir='ltr'><strong>hie</strong></span> <span class='ocrx_word' id='word_1_145' title='bbox 454 2658 741 2744; x_wconf 79' lang='lat' dir='ltr'><strong>singultus,</strong></span> <span class='ocrx_word' id='word_1_146' title='bbox 772 2657 838 2742; x_wconf 90' lang='lat' dir='ltr'><strong>qui</strong></span> <span class='ocrx_word' id='word_1_147' title='bbox 866 2662 974 2722; x_wconf 91' lang='lat' dir='ltr'><strong>motu</strong></span> <span class='ocrx_word' id='word_1_148' title='bbox 1007 2658 1318 2742; x_wconf 75' lang='lat' dir='ltr'><strong>diaphragmatie</strong></span> 
     </span>
     <span class='ocr_line' id='line_1_20' title="bbox 269 2759 1318 2844; baseline -0.007 -10"><span class='ocrx_word' id='word_1_149' title='bbox 269 2762 559 2840; x_wconf 84' lang='lat' dir='ltr'><strong>vehementiore</strong></span> <span class='ocrx_word' id='word_1_150' title='bbox 581 2759 805 2824; x_wconf 79' lang='lat' dir='ltr'><strong>suscitatur.</strong></span> <span class='ocrx_word' id='word_1_151' title='bbox 831 2760 929 2823; x_wconf 91' lang='lat' dir='ltr'><strong>Dum</strong></span> <span class='ocrx_word' id='word_1_152' title='bbox 943 2780 1082 2844; x_wconf 82' lang='lat' dir='ltr'><strong>nempe</strong></span> <span class='ocrx_word' id='word_1_153' title='bbox 1103 2765 1254 2842; x_wconf 87' lang='lat' dir='ltr'><strong>septum</strong></span> <span class='ocrx_word' id='word_1_154' title='bbox 1274 2761 1318 2828; x_wconf 90' lang='lat' dir='ltr'><strong>id</strong></span> 
     </span>
     <span class='ocr_line' id='line_1_21' title="bbox 271 2861 1320 2948; baseline -0.012 -7"><span class='ocrx_word' id='word_1_155' title='bbox 271 2886 454 2940; x_wconf 84' lang='lat' dir='ltr'><strong>carneum</strong></span> <span class='ocrx_word' id='word_1_156' title='bbox 476 2861 606 2928; x_wconf 85' lang='lat' dir='ltr'><strong>subito</strong></span> <span class='ocrx_word' id='word_1_157' title='bbox 629 2862 899 2938; x_wconf 83' lang='lat' dir='ltr'><strong>contrahitur,</strong></span> <span class='ocrx_word' id='word_1_158' title='bbox 922 2862 1099 2929; x_wconf 81' lang='lat' dir='ltr'><strong>violento</strong></span> <span class='ocrx_word' id='word_1_159' title='bbox 1125 2864 1173 2927; x_wconf 91' lang='lat' dir='ltr'><strong>fit</strong></span> <span class='ocrx_word' id='word_1_160' title='bbox 1196 2863 1320 2948; x_wconf 84' lang='lat' dir='ltr'><strong>inspi-</strong></span> 
     </span>
     <span class='ocr_line' id='line_1_22' title="bbox 269 2966 1319 3053; baseline -0.01 -13"><span class='ocrx_word' id='word_1_161' title='bbox 269 2975 392 3052; x_wconf 77' lang='lat' dir='ltr'><strong>ratio,</strong></span> <span class='ocrx_word' id='word_1_162' title='bbox 413 2970 481 3034; x_wconf 85' lang='lat' dir='ltr'><strong>sub</strong></span> <span class='ocrx_word' id='word_1_163' title='bbox 504 2987 580 3053; x_wconf 81' lang='lat' dir='ltr'><strong>qua</strong></span> <span class='ocrx_word' id='word_1_164' title='bbox 598 2968 664 3032; x_wconf 80' lang='lat' dir='ltr'><strong>n‘e’r</strong></span> <span class='ocrx_word' id='word_1_165' title='bbox 686 2966 832 3049; x_wconf 83' lang='lat' dir='ltr'><strong>raptim</strong></span> <span class='ocrx_word' id='word_1_166' title='bbox 851 2966 1011 3030; x_wconf 74' lang='lat' dir='ltr'><strong>haustus</strong></span> <span class='ocrx_word' id='word_1_167' title='bbox 1043 2968 1085 3032; x_wconf 92' lang='lat' dir='ltr'><strong>in</strong></span> <span class='ocrx_word' id='word_1_168' title='bbox 1117 2968 1319 3052; x_wconf 82' lang='lat' dir='ltr'><strong>epiglotti·</strong></span> 
     </span>
     <span class='ocr_line' id='line_1_23' title="bbox 271 3069 1319 3158; baseline -0.004 -16"><span class='ocrx_word' id='word_1_169' title='bbox 271 3079 360 3142; x_wconf 88' lang='lat' dir='ltr'><strong>dem</strong></span> <span class='ocrx_word' id='word_1_170' title='bbox 394 3071 605 3158; x_wconf 85' lang='lat' dir='ltr'><strong>impingit,</strong></span> <span class='ocrx_word' id='word_1_171' title='bbox 636 3088 795 3154; x_wconf 77' lang='lat' dir='ltr'><strong>eamque</strong></span> <span class='ocrx_word' id='word_1_172' title='bbox 830 3069 986 3154; x_wconf 85' lang='lat' dir='ltr'><strong>laryngi</strong></span> <span class='ocrx_word' id='word_1_173' title='bbox 1016 3070 1182 3151; x_wconf 71' lang='lat' dir='ltr'><strong>cllidit,</strong></span> <span class='ocrx_word' id='word_1_174' title='bbox 1214 3072 1319 3138; x_wconf 89' lang='lat' dir='ltr'><strong>unde</strong></span> 
     </span>
     <span class='ocr_line' id='line_1_24' title="bbox 269 3173 1317 3262; baseline -0.008 -14"><span class='ocrx_word' id='word_1_175' title='bbox 269 3181 420 3248; x_wconf 80' lang='lat' dir='ltr'><strong>sonitus</strong></span> <span class='ocrx_word' id='word_1_176' title='bbox 439 3175 647 3262; x_wconf 79' lang='lat' dir='ltr'><strong>peculiaris</strong></span> <span class='ocrx_word' id='word_1_177' title='bbox 669 3173 872 3238; x_wconf 81' lang='lat' dir='ltr'><strong>excitetur.</strong></span> <span class='ocrx_word' id='word_1_178' title='bbox 895 3173 1070 3239; x_wconf 82' lang='lat' dir='ltr'><strong>Succedit</strong></span> <span class='ocrx_word' id='word_1_179' title='bbox 1093 3175 1317 3256; x_wconf 78' lang='lat' dir='ltr'><strong>exspiratio,</strong></span> 
     </span>
     <span class='ocr_line' id='line_1_25' title="bbox 271 3273 1316 3362; baseline -0.009 -12"><span class='ocrx_word' id='word_1_180' title='bbox 271 3293 311 3350; x_wconf 88' lang='lat' dir='ltr'><strong>et</strong></span> <span class='ocrx_word' id='word_1_181' title='bbox 326 3281 491 3348; x_wconf 80' lang='lat' dir='ltr'><strong>redeunt</strong></span> <span class='ocrx_word' id='word_1_182' title='bbox 513 3277 729 3362; x_wconf 88' lang='lat' dir='ltr'><strong>singultus,</strong></span> <span class='ocrx_word' id='word_1_183' title='bbox 752 3273 926 3358; x_wconf 84' lang='lat' dir='ltr'><strong>longiore</strong></span> <span class='ocrx_word' id='word_1_184' title='bbox 952 3282 1019 3340; x_wconf 78' lang='lat' dir='ltr'><strong>out</strong></span> <span class='ocrx_word' id='word_1_185' title='bbox 1035 3277 1210 3341; x_wconf 86' lang='lat' dir='ltr'><strong>breviore</strong></span> <span class='ocrx_word' id='word_1_186' title='bbox 1231 3297 1316 3343; x_wconf 91' lang='lat' dir='ltr'><strong>mo·</strong></span> 
     </span>
     <span class='ocr_line' id='line_1_26' title="bbox 270 3381 1315 3466; baseline -0.005 -14"><span class='ocrx_word' id='word_1_187' title='bbox 270 3409 315 3454; x_wconf 83' lang='lat' dir='ltr'><strong>re</strong></span> <span class='ocrx_word' id='word_1_188' title='bbox 341 3381 568 3466; x_wconf 85' lang='lat' dir='ltr'><strong>interjecto,</strong></span> <span class='ocrx_word' id='word_1_189' title='bbox 598 3381 867 3463; x_wconf 79' lang='lat' dir='ltr'><strong>phoenomeno</strong></span> <span class='ocrx_word' id='word_1_190' title='bbox 900 3381 1126 3445; x_wconf 83' lang='lat' dir='ltr'><strong>convuleivo</strong></span> <span class='ocrx_word' id='word_1_191' title='bbox 1154 3399 1224 3466; x_wconf 88' lang='lat' dir='ltr'><strong>pro</strong></span> <span class='ocrx_word' id='word_1_192' title='bbox 1252 3403 1315 3448; x_wconf 81' lang='lat' dir='ltr'><strong>rn-</strong></span> 
     </span>
     <span class='ocr_line' id='line_1_27' title="bbox 271 3483 1317 3571; baseline -0.005 -15"><span class='ocrx_word' id='word_1_193' title='bbox 271 3493 380 3556; x_wconf 87' lang='lat' dir='ltr'><strong>tione</strong></span> <span class='ocrx_word' id='word_1_194' title='bbox 401 3505 534 3550; x_wconf 78' lang='lat' dir='ltr'><strong>causae</strong></span> <span class='ocrx_word' id='word_1_195' title='bbox 554 3483 759 3548; x_wconf 79' lang='lat' dir='ltr'><strong>excitantis</strong></span> <span class='ocrx_word' id='word_1_196' title='bbox 779 3483 840 3546; x_wconf 83' lang='lat' dir='ltr'><strong>voi</strong></span> <span class='ocrx_word' id='word_1_197' title='bbox 859 3502 949 3546; x_wconf 85' lang='lat' dir='ltr'><strong>mox</strong></span> <span class='ocrx_word' id='word_1_198' title='bbox 967 3485 1232 3560; x_wconf 79' lang='lat' dir='ltr'><strong>ceseente‚vel</strong></span> <span class='ocrx_word' id='word_1_199' title='bbox 1250 3506 1317 3571; x_wconf 81' lang='lat' dir='ltr'><strong>per</strong></span> 
     </span>
     <span class='ocr_line' id='line_1_28' title="bbox 269 3584 1315 3672; baseline -0.007 -13"><span class='ocrx_word' id='word_1_200' title='bbox 269 3594 387 3659; x_wconf 82' lang='lat' dir='ltr'><strong>hores</strong></span> <span class='ocrx_word' id='word_1_201' title='bbox 407 3592 538 3672; x_wconf 80' lang='lat' dir='ltr'><strong>plures</strong></span> <span class='ocrx_word' id='word_1_202' title='bbox 557 3592 626 3650; x_wconf 81' lang='lat' dir='ltr'><strong>out</strong></span> <span class='ocrx_word' id='word_1_203' title='bbox 644 3584 723 3648; x_wconf 88' lang='lat' dir='ltr'><strong>dies</strong></span> <span class='ocrx_word' id='word_1_204' title='bbox 745 3585 863 3650; x_wconf 81' lang='lat' dir='ltr'><strong>etiam</strong></span> <span class='ocrx_word' id='word_1_205' title='bbox 881 3584 1043 3650; x_wconf 78' lang='lat' dir='ltr'><strong>durante</strong></span> <span class='ocrx_word' id='word_1_206' title='bbox 1053 3589 1109 3672; x_wconf 54' lang='grc' dir='ltr'><strong>Ρ).</strong></span> <span class='ocrx_word' id='word_1_207' title='bbox 1133 3585 1207 3650; x_wconf 89' lang='lat' dir='ltr'><strong>Ubi</strong></span> <span class='ocrx_word' id='word_1_208' title='bbox 1226 3597 1315 3652; x_wconf 81' lang='lat' dir='ltr'><strong>cnu&#39;-</strong></span> 
     </span>
     <span class='ocr_line' id='line_1_29' title="bbox 269 3688 1314 3776; baseline -0.007 -13"><span class='ocrx_word' id='word_1_209' title='bbox 269 3719 314 3764; x_wconf 81' lang='lat' dir='ltr'><strong>en</strong></span> <span class='ocrx_word' id='word_1_210' title='bbox 333 3697 374 3760; x_wconf 89' lang='lat' dir='ltr'><strong>in</strong></span> <span class='ocrx_word' id='word_1_211' title='bbox 394 3689 611 3756; x_wconf 68' lang='lat' dir='ltr'><strong>ventriculo</strong></span> <span class='ocrx_word' id='word_1_212' title='bbox 631 3689 787 3766; x_wconf 82' lang='lat' dir='ltr'><strong>haeret,</strong></span> <span class='ocrx_word' id='word_1_213' title='bbox 806 3708 891 3752; x_wconf 89' lang='lat' dir='ltr'><strong>cum</strong></span> <span class='ocrx_word' id='word_1_214' title='bbox 911 3695 1029 3754; x_wconf 90' lang='lat' dir='ltr'><strong>ructu.</strong></span> <span class='ocrx_word' id='word_1_215' title='bbox 1044 3688 1095 3774; x_wconf 75' lang='grc' dir='ltr'><strong>(ς.</strong></span> <span class='ocrx_word' id='word_1_216' title='bbox 1114 3692 1210 3776; x_wconf 70' lang='lat'><strong>248.)</strong></span> <span class='ocrx_word' id='word_1_217' title='bbox 1232 3709 1314 3758; x_wconf 76' lang='lat' dir='ltr'><strong>eae·</strong></span> 
     </span>
    </p>
   </div>
   <div class='ocr_carea' id='block_1_11' title="bbox 269 3795 525 3888">
    <p class='ocr_par' dir='ltr' id='par_1_11' title="bbox 269 3795 525 3888">
     <span class='ocr_line' id='line_1_30' title="bbox 269 3795 525 3888; baseline -0.043 -23"><span class='ocrx_word' id='word_1_218' title='bbox 269 3819 318 3888; x_wconf 87' lang='lat' dir='ltr'><strong>pe</strong></span> <span class='ocrx_word' id='word_1_219' title='bbox 339 3795 525 3885; x_wconf 82' lang='lat' dir='ltr'><strong>jungitur.</strong></span> 
     </span>
    </p>
   </div>
   <div class='ocr_carea' id='block_1_12' title="bbox 267 3955 1313 4360">
    <p class='ocr_par' dir='ltr' id='par_1_12' title="bbox 267 3955 1313 4360">
     <span class='ocr_line' id='line_1_31' title="bbox 353 3955 1313 4048; baseline 0.002 -21"><span class='ocrx_word' id='word_1_220' title='bbox 353 3960 534 4029; x_wconf 79' lang='lat' dir='ltr'><strong>Excitant</strong></span> <span class='ocrx_word' id='word_1_221' title='bbox 573 3955 790 4038; x_wconf 74' lang='lat' dir='ltr'><strong>singultum</strong></span> <span class='ocrx_word' id='word_1_222' title='bbox 822 3979 891 4048; x_wconf 68' lang='lat' dir='ltr'><strong>en,</strong></span> <span class='ocrx_word' id='word_1_223' title='bbox 925 3977 1021 4043; x_wconf 81' lang='lat' dir='ltr'><strong>quoe</strong></span> <span class='ocrx_word' id='word_1_224' title='bbox 1054 3961 1313 4046; x_wconf 68' lang='lat' dir='ltr'><strong>diaphragma</strong></span> 
     </span>
     <span class='ocr_line' id='line_1_32' title="bbox 267 4063 1312 4153; baseline 0 -20"><span class='ocrx_word' id='word_1_225' title='bbox 267 4071 332 4134; x_wconf 84' lang='lat' dir='ltr'><strong>voi</strong></span> <span class='ocrx_word' id='word_1_226' title='bbox 361 4065 590 4131; x_wconf 83' lang='lat' dir='ltr'><strong>immediate</strong></span> <span class='ocrx_word' id='word_1_227' title='bbox 621 4063 801 4153; x_wconf 76' lang='lat' dir='ltr'><strong>irritent,</strong></span> <span class='ocrx_word' id='word_1_228' title='bbox 822 4066 884 4127; x_wconf 82' lang='lat' dir='ltr'><strong>vel</strong></span> <span class='ocrx_word' id='word_1_229' title='bbox 915 4085 983 4146; x_wconf 85' lang='lat' dir='ltr'><strong>per</strong></span> <span class='ocrx_word' id='word_1_230' title='bbox 1014 4086 1237 4131; x_wconf 81' lang='lat' dir='ltr'><strong>consensum</strong></span> <span class='ocrx_word' id='word_1_231' title='bbox 1269 4069 1312 4134; x_wconf 92' lang='lat' dir='ltr'><strong>in</strong></span> 
     </span>
     <span class='ocr_line' id='line_1_33' title="bbox 267 4168 1313 4252; baseline -0.003 -13"><span class='ocrx_word' id='word_1_232' title='bbox 267 4173 368 4240; x_wconf 90' lang='lat' dir='ltr'><strong>illud</strong></span> <span class='ocrx_word' id='word_1_233' title='bbox 386 4176 527 4252; x_wconf 78' lang='lat' dir='ltr'><strong>agunt:</strong></span> <span class='ocrx_word' id='word_1_234' title='bbox 548 4169 710 4231; x_wconf 83' lang='lat' dir='ltr'><strong>vulnero</strong></span> <span class='ocrx_word' id='word_1_235' title='bbox 735 4168 813 4246; x_wconf 82' lang='lat' dir='ltr'><strong>ejus</strong></span> <span class='ocrx_word' id='word_1_236' title='bbox 825 4214 836 4247; x_wconf 93' lang='lat'>,</span> <span class='ocrx_word' id='word_1_237' title='bbox 861 4169 1150 4250; x_wconf 80' lang='lat' dir='ltr'><strong>inflammatio,</strong></span> <span class='ocrx_word' id='word_1_238' title='bbox 1178 4172 1313 4236; x_wconf 78' lang='lat' dir='ltr'><strong>irrite·</strong></span> 
     </span>
     <span class='ocr_line' id='line_1_34' title="bbox 267 4271 1311 4360; baseline -0.002 -18"><span class='ocrx_word' id='word_1_239' title='bbox 267 4277 324 4342; x_wconf 88' lang='lat' dir='ltr'><strong>tio</strong></span> <span class='ocrx_word' id='word_1_240' title='bbox 354 4296 377 4340; x_wconf 81' lang='lat' dir='ltr'><strong>n</strong></span> <span class='ocrx_word' id='word_1_241' title='bbox 402 4271 537 4342; x_wconf 75' lang='lat' dir='ltr'><strong>tractis</strong></span> <span class='ocrx_word' id='word_1_242' title='bbox 568 4271 706 4349; x_wconf 77' lang='lat' dir='ltr'><strong>coetis,</strong></span> <span class='ocrx_word' id='word_1_243' title='bbox 728 4278 860 4338; x_wconf 82' lang='lat' dir='ltr'><strong>eterno</strong></span> <span class='ocrx_word' id='word_1_244' title='bbox 891 4271 1067 4360; x_wconf 79' lang='lat' dir='ltr'><strong>depresso</strong></span> <span class='ocrx_word' id='word_1_245' title='bbox 1098 4279 1181 4358; x_wconf 66' lang='grc' dir='ltr'><strong>στος</strong></span> <span class='ocrx_word' id='word_1_246' title='bbox 1204 4275 1311 4342; x_wconf 73' lang='lat' dir='ltr'><strong>cibun</strong></span> 
     </span>
    </p>
   </div>
   <div class='ocr_carea' id='block_1_13' title="bbox 0 0 1482 4996">
    <p class='ocr_par' dir='ltr' id='par_1_13' title="bbox 0 0 1482 4996">
     <span class='ocr_line' id='line_1_35' title="bbox 0 0 1482 4996; baseline 0 2"><span class='ocrx_word' id='word_1_247' title='bbox 0 0 1482 4996; x_wconf 95' lang='lat' dir='ltr'><strong> </strong></span> 
     </span>
    </p>
   </div>
  </div>
 </body>
</html>
