2956 4996
191 407 301 510 §ron
314 401 359 469 11.
376 401 435 466 Dr
449 409 664 464 assertas.
679 407 793 462 trono
806 409 855 464 er
876 407 1091 466 animm·
1122 413 1199 486 *²55
1220 391 1224 397 ,
1281 368 1283 376 s

145 545 434 632 tempusculum
456 543 611 608 brevius
634 540 877 620 intercedat,
899 533 1014 630 quod'
1029 545 1198 631 inspira-

146 655 293 719 tionem
316 638 557 734 protiactam
586 630 710 732 aliqui
739 643 894 722 dicunt,
914 647 954 710 i‘d
983 661 1076 715 vero
1099 655 1200 716 tem·

144 779 240 844 pus,
262 754 363 842 quod
383 751 687 836 respirationem
719 749 880 842 celerius
918 760 1118 838 peractam
1140 777 1200 822 se·

149 865 307 950 quitur,
328 866 366 923 et
390 859 591 942 protracta
611 855 820 940 exspiratio
849 863 1117 940 nuncupatur,
1143 858 1199 924 sit

121 966 316 1050 ,longius
346 963 606 1028 Numerantur
632 965 710 1024 tres
745 961 901 1031 circiter
932 968 999 1026 aut
1030 968 1199 1049 quatuor

146 1069 273 1136 cordis
294 1053 573 1152 pul'sus,donec
589 1064 654 1128 air
675 1066 795 1142 semet
812 1065 1063 1148 pulmonibus
1093 1063 1198 1134 duci·

149 1175 241 1246 tur,
267 1167 368 1232 unde
389 1187 432 1232 no
458 1165 539 1229 fere
566 1165 842 1248 respirationes
865 1166 972 1232 intra
996 1168 1196 1236 minutum

146 1269 318 1355 primum
350 1268 618 1354 perficiuntur.
659 1267 740 1332 Non
764 1271 896 1332 tamen
925 1287 1075 1352 semper
1106 1271 1197 1356 pul·

146 1365 308 1441 n'ronum
347 1377 475 1438 motus
507 1371 632 1437 cordis
665 1371 874 1455 respondet
901 1374 1064 1456 pulsui,
1093 1373 1198 1460 quod

147 1479 277 1567 ipsum
297 1479 609 1550 Anrsrorrrest
630 1471 806 1569 Genusus
829 1480 869 1540 et
890 1477 1103 1541 Hasveros
1126 1474 1197 1541 du-

147 1581 241 1664 dum
260 1585 515 1656 monuerunt,
539 1569 716 1665 quodque
746 1575 788 1642 in
809 1579 961 1662 pueris,
986 1573 1055 1644 ubi
1077 1579 1197 1646 multi

145 1693 236 1752 sunt
254 1689 386 1770 pulsus
407 1691 445 1749 et
466 1701 612 1770 paucas
630 1680 926 1772 respirationes,
939 1681 1056 1766 inque
1076 1683 1198 1750 febri-

147 1785 218 1852 bus
246 1792 285 1850 et
312 1786 458 1851 morbis
487 1785 610 1864 aliis,
638 1803 759 1870 unum
789 1791 857 1848 aut
887 1783 994 1848 aliud
1025 1791 1196 1872 systema

146 1887 353 1976 praecipue
379 1886 675 1963 adficientibus,
694 1887 867 1970 adparet.
890 1887 935 1952 In
957 1887 1199 1953 animalibus

147 2015 194 2059 ea
210 1994 290 2056 fere
309 1993 538 2058 observatur
561 1993 689 2068 ratio,
710 1997 754 2058 ut
772 1990 903 2076 puleui
927 1991 1105 2077 celeripri
1125 2013 1198 2058 nu·
1301 2003 1304 2026 ¹

145 2097 377 2162 merosiores
398 2093 658 2180 respondeant
669 2094 959 2178 respirationes.
983 2095 1196 2162 Fsosrnus

145 2197 192 2266 in
213 2201 341 2265 catulo
358 2199 473 2282 43,in
496 2217 591 2284 equo
615 2199 651 2264 16
664 2244 674 2279 ,
687 2199 729 2263 in
746 2198 855 2264 asino
882 2215 938 2278 12,
951 2199 993 2263 in
1015 2197 1198 2284 elephan-

67 2297 70 2304 ’
146 2308 187 2368 te
203 2303 270 2366 vix
295 2309 375 2366 tres
399 2303 505 2366 intra
527 2321 578 2368 m.
597 2323 635 2386 p.
657 2300 877 2366 observavit
897 2297 1197 2386 respirationea;

146 2405 345 2472 celerrime
366 2411 497 2470 autem
521 2405 704 2490 spiritum
734 2402 877 2470 ducun't
900 2425 1013 2485 aves,
1033 2423 1201 2487 canorae,

144 2511 374 2598 praecipue,
395 2531 469 2596 quo
492 2513 623 2594 pectus
646 2509 780 2575 eodem
803 2515 978 2592 tempore
1002 2507 1196 2597 quinqua·

145 2617 266 2700 gesies
299 2617 418 2680 etiam
452 2613 603 2680 moveri
629 2612 773 2682 videas.
812 2611 1048 2684 Rarissimae
1081 2618 1196 2695 sunt,

147 2719 332 2804 omniqua
362 2719 467 2798 certa
487 2715 644 2808 periodo
668 2715 877 2782 destitutae
902 2715 1198 2800 amphibiorum

147 2819 423 2906 respirationes
448 2821 504 2906 i).

234 2983 327 3046 Cum
355 2980 503 3048 functio
531 2981 626 3046 haec
655 2979 793 3046 vitalis
820 2985 1008 3066 perpetua
1026 2983 1100 3058 sit,
1123 2999 1197 3050 nee

146 3086 382 3170 interrumpi
400 3105 468 3168 per
490 3085 702 3152 intervalla
722 3083 806 3150 sine
835 3085 941 3149 vitae
960 3085 1195 3152 individuas

145 3187 319 3272 periculo
347 3187 494 3270 possit,
518 3189 723 3274 organicae
752 3185 1023 3252 irritabilitati
1053 3194 1224 3260 natura.

14 3275 17 3289 ’
102 3325 105 3337 ·
137 3289 312 3374 *provida
331 3309 415 3354 eam
444 3291 626 3377 subjecit.
642 3291 843 3374 ¹Operatur
869 3289 962 3352 hinc
984 3291 1197 3376 respirate·

145 3393 228 3458 rius
249 3398 458 3482 apparatus
480 3393 639 3459 adsidue
659 3393 742 3456 sine
765 3379 874 3456 omni
893 3375 1112 3461 'voluntatis
1133 3397 1196 3463 in·

146 3495 275 3571 fluxu,
299 3497 341 3562 in
359 3516 494 3562 somno
526 3497 647 3562 etiam
675 3501 713 3560 et
735 3501 840 3570 tum,
860 3495 929 3576 ubi
960 3499 1198 3570 conscientia

145 3619 214 3684 per
235 3621 367 3668 causas
389 3603 587 3667 morbosae
610 3589 760 3666 abolita
779 3607 850 3670 est.
873 3602 973 3684 Quia
991 3625 1082 3670 vero
1106 3603 1198 3674 offi-

144 3703 208 3767 cia
229 3703 309 3767 alia
327 3723 413 3768 oum
438 3703 694 3788 respiratione
724 3703 931 3786 conjuncta
961 3713 1052 3772 sunt
1064 3748 1074 3784 ,
1094 3707 1196 3776 libe.

145 3827 213 3871 rae
241 3805 456 3870 voluntatis
487 3825 600 3870 usum
629 3807 828 3890 poscentia
857 3803 984 3892 (vox,
1015 3811 1195 3898 loquela,

145 3909 259 3977 nixus
288 3913 401 3996 etc),
424 3928 569 3994 organa
597 3911 781 3996 spiritum
812 3911 993 3978 ducentia
1026 3915 1198 3980 animali

146 4013 268 4078 etiam
296 4004 776 4080 irritabilitatibacten'us
806 4015 947 4100 subjici
973 4015 1189 4096 debebant,
1294 4018 1297 4026 ’

17 4125 18 4130 ’
143 4121 190 4180 ut
215 4115 366 4198 respirii
395 4120 593 4180 momenta
622 4115 867 4197 accelerare,
883 4117 1083 4182 intendere
1114 4126 1185 4186 aut

140 4219 351 4287 retardare
361 4221 567 4307 possimus.
583 4221 652 4298 ¹Est
669 4220 791 4308 igitur
811 4221 1019 4303 respiratio
1048 4239 1190 4290 munus
