2956 4996
269 389 375 456 sscr.
389 385 417 456 1.
428 387 486 454 De
508 399 685 452 orosius
706 397 849 452 ssrsrr
868 399 1121 453 nocrrrrrrus.
1163 404 1226 476 245

168 536 246 604 hus
260 533 302 598 in
316 551 402 598 ossa
412 521 794 614 pleraque'maxillae
816 529 1039 612 superioris,
1054 531 1095 599 in
1110 551 1223 600 man.

168 637 352 702 dibulam
373 633 601 698 inferiorem
622 636 659 708 et
682 631 827 696 ossium
846 631 969 696 cranii
990 632 1145 718 diplo'dn
1157 653 1223 718 ps.

139 745 307 806 'netrat
336 740 391 823 e).
435 735 609 820 Denique
642 739 680 798 et
709 753 924 818 pennarum
959 735 1147 802 cavitates
1181 736 1223 806 in
1276 819 1279 828 .

87 907 91 918 ,
170 844 312 908 avibus
346 829 492 904 adultis
524 841 651 924 utrem
681 857 749 921 per
775 837 996 914 cellulas,e
1027 841 1224 923 pulmoni·

166 948 244 1014 bus
276 933 483 1032 pro‘ductas
496 985 508 1020 ,
533 941 731 1022 recipiunt
753 943 830 1028 θ’).
864 939 1067 1006 Perficitur
1092 943 1222 1026 adspi-

168 1051 276 1120 ratio
310 1057 348 1116 et
382 1047 590 1132 respiratio
615 1047 717 1110 airis
749 1046 791 1112 in
821 1047 990 1125 avibus,
1018 1066 1108 1112 vero
1140 1049 1225 1112 dia·
1314 1033 1321 1044 ’

173 1157 414 1240 phragmate
434 1149 659 1236 ceteroquin
678 1150 878 1216 destitutis
892 1149 943 1234 (ς.
954 1151 1067 1236 318.),
1080 1169 1227 1214 muscu-

171 1261 225 1326 lis
260 1255 574 1322 intercostalibus
614 1261 652 1318 et
686 1254 1025 1334 abdominalibus,
1057 1261 1224 1340 suntque

171 1359 451 1445 conceptacula
469 1362 585 1422 eirea
597 1399 608 1434 ‚
632 1376 727 1443 quae
749 1358 790 1422 in
814 1379 907 1426 cavo
929 1361 1127 1426 communi
1156 1380 1224 1442 pe·

173 1466 296 1532 ctoris
328 1469 365 1531 et
391 1463 539 1528 ventris
572 1461 765 1538 existunt,
786 1461 898 1528 fibris
932 1465 1108 1544 carneis,
1130 1483 1226 1547 qua·

167 1591 259 1638 rum
282 1569 435 1632 actione
468 1567 598 1630 lumen
621 1578 752 1628 corum
782 1565 997 1640 minuitur,
1021 1565 1225 1630 instructa.
1268 1563 1271 1572 ’

170 1675 216 1738 ln
235 1669 324 1736 aliis
347 1677 477 1736 eutem
500 1667 652 1734 cellulis
681 1673 809 1734 motus
839 1671 1102 1736 musculorum
1125 1671 1224 1734 vici·

169 1797 339 1874 norum,
364 1779 464 1842 a'e'ris
486 1776 676 1860 adspirati
694 1777 882 1862 impulsus
903 1763 942 1840 e't
961 1781 1227 1884 temperatura
1301 1769 1305 1782 '

174 1882 291 1946 varia
317 1881 432 1946 fluidi
464 1880 618 1946 clastici
638 1885 810 1949 meatum
836 1899 1063 1965 promovere
1086 1879 1222 1946 viden·

173 1989 240 2052 tur
261 1987 313 2072 f).

260 2153 430 2233 Apparet
458 2169 503 2214 cx
524 2148 636 2230 istis,
656 2127 945 2232 amplissimum
977 2151 1115 2218 avibus
1146 2173 1227 2218 esse

174 2261 412 2338 apparatum
454 2255 638 2338 spiritum
674 2252 913 2332 ducentem,
946 2255 1049 2341 quod
1079 2255 1228 2342 insigni

175 2375 312 2422 eorum
338 2357 570 2422 animalium
591 2357 794 2440 respondet
824 2357 1112 2426 irritabilitatis
1142 2380 1229 2448 gra·
1323 2383 1326 2388 ·

85 2489 89 2500 ·
177 2457 260 2525 dui.
285 2460 452 2525 Celerius
476 2461 595 2524 etiam
614 2459 827 2542 respirant,
850 2459 963 2526 citius
990 2465 1119 2528 aerem
1147 2483 1229 2530 cor·

66 2567 67 2572 ’
177 2571 392 2649 rumpunt,
413 2572 453 2629 et
480 2565 603 2647 multo
625 2565 745 2629 ctiam
759 2599 762 2606 ·
776 2565 890 2630 citius
915 2575 1079 2650 pereunt
1102 2568 1145 2632 in
1166 2589 1229 2632 ea·

177 2669 267 2735 dem
289 2671 388 2736 airis
421 2671 533 2756 copia
562 2691 604 2736 ac
633 2673 714 2737 alia
735 2669 926 2736 animalia
939 2692 1008 2752 ,ex
1028 2671 1226 2755 amphibi-

178 2789 293 2838 orum
327 2767 693 2858 praeclpue-'clessa
724 2774 965 2856 Praecipuus
999 2771 1228 2838 cellularum

179 2869 416 2940 diffusarum
447 2895 581 2960 scopus
609 2875 641 2942 is
672 2882 774 2942 certo
806 2883 884 2952 est,
913 2880 959 2939 ut
987 2869 1142 2942 uberior
1173 2871 1241 2939 ‘sit’
1307 2919 1309 2926 -

179 2969 381 3062 sanguinis
419 2997 505 3042 cum
548 2980 635 3042 e'e're
668 2977 979 3064 atmospheerico
1025 2973 1226 3042 contactus

179 3081 412 3166 (respiratio
435 3081 679 3168 perfectior).
701 3082 847 3168 Majo're
873 3080 977 3146 enim
1003 3079 1102 3146 a'e‘ris
1122 3099 1228 3164 penu

180 3200 277 3268 opus
297 3183 445 3248 habent
475 3203 590 3259 aves,
611 3184 679 3249 uhi
700 3183 763 3259 vel
784 3187 899 3248 cantu
928 3181 1228 3271 respirationem
1331 3167 1337 3180 ’

183 3292 391 3368 cohibent,
412 3291 476 3356 vel
510 3291 647 3356 volatu
673 3289 875 3354 celerrimo
906 3274 1104 3374 copiosum
1136 3309 1228 3358 con·

140 3412 158 3476 ⁴,
183 3401 347 3462 ‘sumunt
368 3395 627 3481 oxygonium,
649 3415 691 3460 ac
711 3393 828 3460 simul
847 3393 1004 3476 raspirii
1024 3395 1227 3477 experiun-

141 3545 146 3556 ·
181 3505 246 3568 tur
273 3498 562 3565 difficultatem.
601 3499 670 3566 His
692 3499 795 3564 ¹addi
824 3505 984 3584 possunt
1019 3503 1087 3566 cel.
1120 3503 1149 3568 J,
1181 3491 1227 3575 Al.
1296 3489 1303 3505 ’

182 3607 328 3668 Aestas
354 3589 660 3682 obseryationes,
683 3602 819 3688 quihus
842 3607 1019 3701 constat,
1039 3625 1126 3668 aves
1148 3606 1228 3670 cuf-

80 3733 86 3754 ·
180 3703 327 3780 iocari,
346 3703 549 3790 ipsumque
571 3703 797 3788 sanguinem
817 3709 945 3770 atrum
968 3703 1144 3786 protinus
1166 3724 1228 3768 ac·

184 3807 310 3891 cipere
333 3807 522 3885 colorem,
543 3807 612 3872 ubi
631 3811 736 3873 aiires
766 3807 1050 3891 irrespirabiles
1071 3825 1139 3889 per
1160 3827 1231 3870 vc·
1350 3833 1352 3838 ’

183 3911 282 3976 sicas
295 3957 307 3996 ,
326 3913 484 4002 resectis
516 3913 665 3980 ossibus
694 3913 846 3978 brachii
877 3913 1081 4006 alligatas,
1102 3911 1143 3976 in
1167 3930 1230 3974 cc·

182 4033 272 4080 vees
294 4035 426 4082 eorum
449 4018 594 4085 ossium
618 4019 901 4107 admittuntur,
931 4001 1229 4104 eaque-anima·
1328 4080 1332 4090 ,

183 4117 239 4184 lia
260 4139 349 4189 mox
374 4123 617 4202 resuscitari,
639 4123 708 4188 ubi
731 4123 944 4211 oxygonius
974 4121 1227 4189 substituitur
1306 4151 1320 4178 s

115 4227 119 4240 '
183 4225 248 4296 air
266 4229 328 4314 g).
350 4227 692 4329 Alterumnautem
723 4229 992 4311 commodum,
1015 4228 1117 4314 quod
1136 4250 1228 4300 con·
1260 4282 1264 4291 .
