2956 4996
229 407 339 472 sacr·
350 407 415 472 111.
430 408 490 474 Ds
514 421 692 474 euerarco
715 421 927 480 assessor.
947 425 1124 496 urguere.
1164 425 1254 502 283.

185 553 450 638 genium,quo
471 573 632 619 venosus
650 552 821 621 abundat
839 560 995 644 sanguis
1006 581 1114 642 ,cum
1134 582 1226 648 oxy·

185 655 304 740 genio
330 656 519 740 adspirati
549 659 651 722 a'e'ris
683 658 863 743 conjungi
877 706 889 738 ,
911 667 950 726 et
974 665 1224 748 inaquosum

184 759 348 826 formari
367 779 570 843 vaporem,
591 761 718 848 sicque
734 782 905 828 cruorem
933 767 1123 850 superfluo
1144 768 1226 851 pri·

185 865 272 928 vari
300 861 574 928 inflammabili
606 866 816 948 principio.
846 866 947 948 Quid
978 875 1106 932 autem
1131 869 1224 934 huic

185 967 385 1035 obmoveri
416 967 538 1049 possit
570 969 812 1054 hypothesi,
842 967 921 1052 jam
961 969 1155 1048 diximum
1184 971 1225 1037 id

183 1071 343 1134 unicum
373 1072 506 1132 tamen
540 1069 769 1154 subjungere
794 1073 991 1147 volumus,
1013 1093 1159 1137 serosas
1186 1079 1225 1139 et

185 1169 339 1258 quasvis
373 1169 555 1245 animalis
597 1174 768 1255 corporis
808 1174 1034 1238 sacrationes
1067 1173 1225 1240 altiores

183 1277 327 1342 habere
346 1293 477 1338 causas
488 1315 499 1349 ,
529 1293 644 1360 quam
665 1293 907 1340 communem
942 1277 1220 1342 elementorum

185 1380 396 1446 chemicam
425 1379 718 1442 attractionem
747 1377 937 1464 quomodo
969 1381 1073 1444 enim
1101 1399 1224 1467 aquas

182 1483 445 1566 intelligemus
480 1481 671 1564 genesin,
700 1475 891 1566 siquidem
937 1481 1222 1568 hydrogenium

183 1603 271 1648 cum
298 1582 484 1669 oxygonio
509 1579 592 1644 sina
622 1583 890 1660 succensione,
910 1581 952 1646 in
980 1583 1123 1648 nostris
1147 1579 1223 1645 sal·

181 1690 263 1750 tem
281 1685 486 1770 periculis,
511 1703 650 1768 aquam
668 1705 747 1788 non
767 1683 935 1749 sistant?

264 1829 308 1917 3)
333 1822 420 1894 Alia
452 1821 614 1913 denique
646 1833 723 1904 est,
744 1847 885 1920 magna
914 1829 1131 1894 attentione
1166 1827 1224 1892 di·

180 1947 283 2020 gna,
313 1929 381 1992 cel.
417 1931 644 1998 Wrcsaauo
686 1929 952 2014 respirationis
980 1929 1134 1999 theoria
1169 1932 1225 2020 g).

174 2033 300 2110 ,Docet
321 2031 381 2096 vir
400 2030 472 2096 ista
485 2071 495 2105 ,
515 2031 663 2094 nullam
693 2031 861 2096 accidere
884 2034 954 2102 sub
980 2039 1067 2097 actu
1098 2033 1220 2116 respi-

179 2133 347 2202 rationis
367 2131 629 2199 materialium
647 2131 929 2218 principiorum
950 2133 1053 2201 inter
1067 2135 1223 2219 sangui·

179 2257 270 2306 nem
290 2243 328 2300 et
350 2237 478 2304 adrem
499 2234 851 2316 atmosphaericum
868 2237 1221 2318 permutationem,

182 2339 423 2423 adspiratum
454 2339 582 2404 adrem
611 2335 777 2427 parietes
807 2355 986 2402 vasorum
1014 2325 1218 2420 pulmonis-¹

179 2445 278 2512 lium
310 2440 415 2511 haud
443 2445 664 2526 penetrare,
689 2458 820 2503 verum
843 2459 865 2502 a
885 2439 1134 2524 pulmonibus
1164 2441 1218 2506 sic

177 2547 322 2630 recipi,
344 2550 386 2609 ut
405 2543 539 2629 chylus
569 2543 612 2606 in
639 2543 731 2607 tubo
761 2541 979 2606 intestinali
1009 2543 1218 2626 recipitur,

182 2647 410 2714 adsimilari.
449 2647 514 2710 Est
550 2646 679 2730 itaque
717 2643 984 2728 respirationis
1017 2664 1214 2728 processus
1317 2713 1320 2720 ,

177 2751 284 2820 haud
313 2748 440 2824 aliud,
461 2767 575 2834 quam
610 2746 773 2816 adsidua
804 2765 985 2812 vesorum
1014 2748 1219 2830 pulmona.
1299 2737 1302 2746 '

179 2853 304 2930 lium,
327 2850 528 2936 sanguinis
562 2855 600 2913 et
632 2815 731 2916 airis
760 2849 1062 2932 atmosphaerici
1094 2858 1217 2920 meta.

117 3033 127 3040 ,
178 2953 418 3037 morphosisr
439 2951 724 3036 pulmonalium
740 2950 972 3016 arteriarum
989 2951 1120 3016 ultimi
1138 2973 1220 3018 sur.

178 3057 256 3122 culi
274 3057 314 3120 in
332 3056 419 3138 ipso
442 3051 627 3118 diffluunt
648 3072 779 3117 eorum
798 3053 988 3117 viscerum
1006 3055 1219 3144 parenohy.
1328 3081 1331 3090 ·

177 3164 283 3223 mate
313 3155 334 3238 (
347 3156 444 3221 coni.
465 3163 494 3240 ς.
518 3157 587 3232 164.
610 3156 640 3219 ό.
661 3161 688 3234 §.
709 3172 782 3242 gro.
806 3157 851 3218 ΙΙ.
871 3175 908 3218 n.
930 3139 995 3245 a.)
1008 3197 1019 3232 ‚
1040 3164 1156 3242 prout
1179 3165 1218 3224 et

178 3260 336 3346 sanguis
359 3260 468 3344 niger
490 3277 575 3322 eum
598 3258 788 3344 inspirato
816 3260 902 3323 atre
925 3265 1010 3323 e'am
1040 3263 1217 3327 substan·
1337 3253 1340 3260 ’

172 3369 274 3434 tiam
307 3367 446 3442 intime
472 3370 707 3450 penetrant,
736 3364 889 3449 ejusque
927 3370 1077 3448 partem
1117 3367 1216 3432 inte·

175 3477 353 3556 grentam
366 3465 674 3544 efficiunt,unde
694 3469 787 3532 lraec
807 3468 938 3536 omnia
959 3468 1036 3532 sibi
1057 3469 1216 3536 adsimi-

174 3573 329 3648 lantur,
351 3573 392 3636 in
411 3577 556 3636 statum
579 3567 867 3638 indifferentiae
886 3576 1102 3655 ponuntur,
1121 3574 1214 3644 haec

175 3681 308 3740 tamen
327 3671 596 3748 indifferentia
614 3681 810 3738 momento
830 3681 983 3743 tantum
1004 3673 1216 3740 duratrno·

173 3803 225 3846 va
243 3789 447 3865 generatur
469 3781 696 3861 pulmonum
718 3779 958 3854 substantia,
979 3798 1099 3868 novus
1115 3824 1125 3856 ,
1144 3779 1214 3843 flo-

171 3882 306 3958 ridus,
329 3880 551 3945 vivificatus
583 3863 761 3964 sanguis',
781 3901 883 3969 noya
913 3899 1100 3943 venarum
1127 3881 1212 3961 pul·

58 3997 65 4027 ¹
174 3981 391 4048 monalium
423 3983 611 4057 stamina,
644 3988 682 4046 et
709 4001 831 4046 novus
861 3979 977 4044 simul
1002 3977 1212 4044 secernitur

177 4086 243 4148 ae'r
255 4125 267 4159 ,
288 4089 355 4167 per
378 4082 677 4174 exspirationem
698 4081 963 4150 excernendus.
995 4081 1059 4148 Est
1081 4078 1212 4164 itaque

175 4187 444 4277 respirationis
459 4187 461 4196 ’
474 4205 666 4269 processus
679 4193 758 4262 sut
786 4185 888 4250 idem
926 4187 1059 4247 auctor
1091 4179 1207 4280 dicit,

177 4293 438 4384 quadruplex,
467 4291 659 4377 duplicem
685 4293 859 4373 hahens,
886 4289 963 4359 sibi
994 4285 1212 4377 oppositam
