2922 4996
280 359 350 425 112?
382 345 673 420 Lrs.1.0sr.11.
695 345 754 410 Dr
768 353 963 442 acrurur.
980 355 1238 408 urorsrrous.

160 470 165 484 i
247 496 331 562 'ad
354 489 606 577 *superficiem
642 469 794 568 hepatis
820 485 1044 568 emergunt,
1063 483 1233 566 ipsisque
1253 489 1321 566 pef-
1365 541 1370 548 .

276 597 470 678 riton'aei,
491 601 528 658 et
546 592 764 656 vicinarum
785 589 958 672 partium
974 586 1081 651 venis
1101 585 1323 664 inosculan-

276 711 356 769 tur.
392 695 649 767 subtilissimi
678 699 809 761 autem
840 692 918 774 ejus
940 690 1206 764 ramusculi,
1195 707 1321 753 moa·
1368 707 1385 738 ⁰

276 805 444 905 pillaria
467 804 674 866 extenuata
698 795 876 870 vascula,
895 793 1041 878 partim
1073 792 1114 856 in
1146 793 1321 858 ductulos

228 951 232 960 ·
278 895 505 983 biliseros,
516 903 663 988 partim
691 914 782 964 vero
821 898 864 964 in
897 919 1084 962 venarum
1116 903 1322 962 transeunt

277 1013 525 1099 primordia,
554 1003 734 1094 ipsosque
771 1005 929 1068 visceris
961 1004 1092 1066 acinos
1122 985 1321 1084 praedicto

278 1119 393 1184 modo
432 1113 638 1182 efformare
674 1109 872 1197 adjuvant.
911 1108 1164 1173 Manifestum
1201 1094 1325 1191 igitdr

214 1299 221 1308 ,
282 1229 362 1298 eet,
381 1212 550 1307 systema
569 1235 750 1281 vasorum
775 1211 1085 1278 abdominalium
1110 1231 1179 1294 pro
1210 1212 1324 1296 nigro

167 1322 188 1334 ‘⁴
278 1325 464 1408 sanguine
501 1321 702 1406 duplicem.
737 1317 918 1381 exhibere
956 1317 1166 1380 arborem:
1206 1333 1326 1379 unam

279 1417 587 1501 abdominalem‚
599 1423 703 1505 cujus
720 1419 866 1484 radices
889 1419 930 1482 in
946 1419 1123 1503 capillari
1137 1423 1326 1503 systema·

281 1539 320 1598 te
341 1537 546 1615 apparatus
568 1526 755 1610 digestivi
782 1523 973 1608 originem
1003 1527 1183 1599 sumunt,
1205 1527 1243 1586 et
1261 1524 1326 1585 al-

93 1625 101 1652 ⁸
218 1689 227 1718 χ
280 1641 407 1700 teram
426 1628 832 1715 hepaticam‚,hasque
862 1628 1013 1693 arbores
1032 1625 1074 1688 in
1093 1645 1214 1722 venae
1236 1626 1328 1706 p'or·

281 1741 411 1801 tarum
434 1739 571 1798 trunco
594 1731 701 1795 uniri
721 1725 782 1814 d),

366 1893 490 1960 Habet
510 1897 638 1956 autem
660 1911 758 1956 vena
777 1895 1001 1974 portarum,
1023 1895 1177 1977 praeter
1199 1886 1330 1974 legiti-

211 2054 214 2058 .
284 2017 390 2070 mam
412 1995 754 2074 distributionem,
776 1981 1031 2078 proprietates
1051 1995 1256 2082 quasdam,
1270 1996 1330 2082 ‚ob

287 2121 382 2191 quas
407 2099 455 2164 ad
484 2097 646 2188 arterias
671 2087 814 2160 dudum
839 2099 964 2162 relata
991 2099 1067 2162 fuit
1096 2100 1151 2185 e).
1176 2099 1331 2164 'Lumen

166 2262 169 2272 .
223 2251 225 2259 ι
286 2206 392 2272 enim
410 2219 632 2277 ramorum,
652 2205 697 2262 ut
720 2199 762 2262 in
782 2197 939 2264 arteriis
961 2221 1039 2264 esse
1071 2203 1190 2278 solet,
1217 2221 1332 2284 capa·

286 2311 446 2394 citatem
464 2304 597 2369 trunci
629 2304 753 2368 multo
775 2311 942 2387 superat.
973 2305 1105 2370 Robur
1131 2305 1221 2370 dein
1242 2311 1347 2370 tan-¹

286 2417 374 2474 tum
394 2412 450 2472 est
465 2405 557 2470 huic
580 2407 807 2492 systemati,
827 2411 871 2468 ut
890 2427 1007 2470 venas
1029 2412 1066 2470 et
1090 2407 1250 2472 arterias
1272 2427 1333 2470 re·

288 2510 391 2597 liqui
421 2507 593 2592 corporis
626 2515 789 2591 superet.
833 2509 1083 2574 erediderunt
1119 2511 1215 2574 olim
1246 2530 1334 2576 eam
1453 2527 1454 2534 ¹

288 2637 412 2682 venae
439 2618 641 2696 portarum
668 2614 899 2678 firmitatem
927 2635 950 2677 a
973 2615 1189 2698 capsula
1219 2600 1332 2698 pecu-

254 2713 743 2792 'liari,10h.wa1aeo
773 2713 1334 2800 etPequetoJamnotam,
1378 2733 1380 2740 ’

230 2874 234 2886 .
290 2817 423 2896 (11133
435 2837 456 2891 0
469 2816 551 2882 nio
571 2807 704 2882 tamen¹
722 2824 766 2882 ut
777 2817 978 2882 inventori
996 2816 1255 2901 adscriptam,
1271 2840 1333 2882 re-

208 2937 212 2952 ·
254 2919 497 3017 *petendam
521 2941 612 2986 esse.
643 2923 711 2986 Est
738 2943 828 2986 vero
858 2897 991 2984 eadem
1021 2907 1205 3001 capsula,
1234 2939 1335 3006 quae

290 3045 378 3089 cum
402 3024 555 3108 hepatis
586 3021 806 3088 substantia
828 3021 978 3087 firmius
1011 3021 1207 3096 cohaeret,
1229 3023 1334 3088 nihil

291 3127 417 3202 aliud,
443 3147 559 3212 quam
592 3117 799 3192 cessulosus
819 3132 967 3202 textus,
990 3127 1056 3212 qui
1077 3127 1185 3191 venis
1208 3127 1335 3192 omni-

290 3233 362 3297 bus
383 3231 568 3296 extimam
594 3229 760 3316 largitur
792 3211 966 3302 tunicam
989 3229 1048 3313 (§.
1072 3229 1202 3320 159.),
1225 3233 1271 3300 in·
1289 3254 1334 3298 eo

290 3335 431 3398 saltem
448 3329 649 3411 differens„
663 3334 764 3419 quod
778 3333 928 3422 firmior
946 3333 997 3397 sit
1015 3337 1054 3396 et
1075 3333 1211 3415 parum
1232 3357 1335 3401 cras·

292 3439 447 3527 storf).
478 3437 651 3523 Denique
683 3437 909 3504 destituitur
940 3438 1082 3502 intima
1102 3462 1221 3508 venae
1245 3460 1337 3525 por-

291 3547 421 3606 tarum
442 3541 577 3606 tunica
603 3543 801 3618 valvulis,
822 3562 890 3627 nec
920 3541 1021 3604 ullas
1045 3541 1125 3620 eius
1148 3545 1251 3610 rami
1273 3545 1335 3612 in·

292 3651 386 3710 sunt
404 3650 681 3710 anastomoses.

376 3814 468 3877 Cum
499 3810 654 3894 sanguis
682 3809 811 3872 venae
831 3817 1032 3894 portarum
1060 3836 1084 3879 a
1114 3813 1238 3880 cordis
1260 3813 1337 3880 im·

291 3915 405 3998 pulsu
438 3915 489 3980 sil:
513 3919 705 3987 remotus,
737 3917 915 3995 capsulae
946 3919 1204 3982 musculosam
1236 3919 1336 3983 olim

290 4021 513 4086 tribuerunt
540 4020 650 4094 vim,
679 4017 875 4092 docentes,
900 4019 1028 4089 sinum
1056 4043 1177 4088 venae
1199 4027 1336 4105 porta·

291 4144 400 4200 rum,
420 4142 639 4208 quemcor
666 4122 996 4188 abdominale
1026 4127 1336 4209 compellarunt,

291 4229 459 4310 alternes
482 4228 607 4303 iacere
630 4228 906 4324 contractiones
925 4233 964 4295 et
984 4228 1263 4308 dilatationes,
1283 4230 1335 4294 ab

652 4397 656 4404 .
707 4353 716 4388 1
1024 4343 1026 4352 ’
1247 4329 1340 4398 aliis
