2956 4996
287 388 352 492 aaa
438 399 526 482 Lm.
545 416 572 481 Ι.
595 418 683 482 car.
711 411 776 478 111.
796 413 855 478 Da
878 425 1203 502 aasrraarrous,
1236 429 1239 433 ·

963 535 968 544 =

289 562 335 626 in
352 579 490 623 cavum
509 557 736 624 mediastini
752 557 944 642 posticum
967 556 1030 650 (ig
1049 559 1150 644 319.)
1182 560 1339 628 descen-

288 667 371 746 dit,
393 683 441 728 ao
457 664 610 730 demum
632 665 735 730 circe
754 663 914 727 tertiam
935 663 1039 728 dorsi
1055 666 1273 749 vertebram
1295 672 1338 735 in

116 813 119 822 ·
287 787 416 850 ramos
441 764 838 857 du0s‚br0nehia
861 787 891 830 s.
917 763 1176 846 ‘bronchos
1199 766 1339 851 dictos,
1397 815 1401 830 .

93 949 95 956 ,
117 861 123 870 ’
160 941 162 946 ,
288 877 479 969 dividitur
500 877 551 959 ⁸).
574 873 734 956 Tegitur
756 871 914 933 trachea
932 871 1137 954 glandulae
1155 873 1334 957 thyreoi·

178 1049 185 1066 ,
287 981 381 1046 deae
400 981 511 1062 parte
532 981 570 1039 et
589 973 775 1064 musculis
788 1013 799 1046 ‚
812 972 878 1057 qui
900 991 941 1034 oa
967 969 1125 1057 hyoldis
1146 980 1184 1038 et
1203 977 1339 1062 laryn·
1386 979 1389 988 ’

202 1099 204 1107 ⁴
275 1104 375 1172 gem
405 1081 640 1157 detrahunt3
661 1078 844 1160 utrinque
874 1093 966 1138 vasa
1002 1076 1140 1159 capitis
1169 1073 1338 1162 magna,

286 1181 419 1254 trunci
445 1172 628 1262 gaiorum
650 1176 944 1244 absorbentium
965 1198 1051 1242 cum
1082 1179 1277 1264 glandulis
1298 1187 1339 1248 et

286 1290 398 1357 nervi
413 1269 568 1372 ,uagus
589 1301 727 1367 nempe
749 1287 787 1345 et
813 1281 1105 1364 sympathicus,
1134 1276 1312 1377 adjacent
1321 1303 1338 1362 3

265 1416 387 1482 ,pone
409 1415 449 1477 se
471 1399 509 1456 et
532 1390 648 1474 paulo
684 1387 952 1452 sinistrorsum
983 1375 1243 1476 oesophagum
1265 1388 1340 1453 ha-

111 1544 123 1573 x„
171 1535 173 1540 ·
286 1497 454 1582 laevi).
489 1495 558 1560 His
587 1487 718 1556 autem
746 1487 1339 1572 partibus-asperaarteria-per

63 1591 70 1616 ’
176 1583 178 1588 ¹
219 1597 222 1604 ’
286 1610 440 1672 textum
455 1597 700 1672 'cellulosum
720 1592 933 1667 rariorem,
956 1591 1158 1680 ipsamque
1182 1594 1338 1658 trache-

287 1710 352 1772 ain
374 1701 500 1787 magis
523 1698 670 1782 stipata
691 1694 833 1778 vagina
849 1685 1069 1778 cingentem
1082 1736 1093 1772 ‚
1116 1685 1298 1762 nectitur.
1388 1683 1400 1698 ⁸

371 1818 627 1911 componitur
668 1818 830 1881 trachea
867 1817 1032 1882 arcubus
1071 1818 1338 1902 cartilagineis

225 1967 228 1976 ,
288 1908 353 1998 vel
385 1922 613 1991 annulis
657 1917 1059 2003 imperse'ctis‘16-ao
1086 1965 1097 1998 ‚
1123 1930 1338 1990 retrorsum

95 2044 98 2050 '
123 2051 126 2056 ·
207 2075 213 2081 -
289 2033 338 2098 ad
358 2029 521 2104 tertiam
543 2023 695 2088 circiter
719 2008 891 2086 ambitui
920 2029 1071 2107 partem
1093 2025 1228 2089 tunica
1248 2045 1337 2090 mu-

261 2135 441 2202 .sculosa
480 2127 634 2204 clausis.
673 2125 872 2190 Deficiunt
902 2125 946 2188 hi
976 2110 1117 2192 annuli
1148 2128 1339 2196 inferiora

197 2227 200 2232 ¹
285 2256 418 2306 versus
441 2230 674 2309 latitudine,
706 2231 856 2315 sibique
877 2227 1086 2296 viciniores
1109 2231 1338 2314 redduntur}

287 2357 512 2426 supremus,
532 2334 694 2419 reliquis
724 2333 860 2412 latior,
885 2351 971 2396 cum
1002 2334 1232 2420 cartilagine
1263 2339 1338 2404 cri·

289 2425 426 2512 coi'dea
446 2433 1008 2523 laryngis'jungitur3i11fimus
1030 2438 1243 2524 triquetrus
1267 2447 1342 2520 est,

290 2552 398 2638 apice
422 2569 489 2615 suo
509 2546 681 2610 broncho
704 2544 883 2626 insertus.
916 2546 947 2606 A
972 2535 1111 2610 fronte
1135 2550 1338 2616 crassiores
1367 2579 1370 2588 ·

293 2657 505 2720 cernuntur
524 2668 634 2713 arcus
660 2647 691 2710 ii
715 2644 984 2736 cartilaginei,
1008 2651 1048 2710 et
1079 2653 1338 2734 gracilescunt

289 2765 503 2826 retrorsum
517 2771 529 2833 ς
545 2757 713 2816 ceterum
744 2735 976 2816 inconstans
992 2747 1126 2817 eorum
1156 2761 1212 2820 est
1234 2756 1337 2840 figu-

288 2883 353 2936 ra,
372 2859 493 2934 adeo,
513 2861 557 2918 ut
577 2852 759 2918 nonnulli
784 2849 921 2926 bifidi,
943 2855 1083 2918 serrati
1104 2863 1172 2922 aut
1194 2848 1337 2922 reticu-

163 2945 166 2956 ¹
287 2968 362 3034 lati
388 2965 507 3029 etiam
527 2958 791 3023 inveniantur.
806 2956 996 3038 'Separata
1019 2959 1153 3023 tunica
1175 2961 1338 3025 cellula·
1413 3011 1421 3020 ,
1444 3005 1447 3012 .

288 3073 327 3138 ri
349 3053 513 3138 extima,
532 3081 629 3148 quae
651 3060 767 3122 densa
794 3063 850 3122 est
862 3101 874 3136 ,
897 3058 1017 3123 laevia
1045 3064 1182 3128 atsere
1210 3063 1339 3128 tendi.

165 3167 170 3174 “
283 3179 390 3248 nea,
410 3163 615 3254 partesque
643 3163 815 3247 singulas
836 3165 1017 3228 tracheae
1048 3165 1215 3235 firmiter
1246 3189 1338 3234 con·

292 3273 424 3350 tinet,
456 3270 797 3360 membranarum,
826 3267 1100 3352 cartilaginum
1128 3261 1340 3340 intervalla

275 3372 596 3459 complentium,
618 3376 780 3454 apparet
804 3370 973 3456 ¹fabrica·
1005 3372 1099 3436 Sunt
1121 3371 1259 3458 neinpe
1287 3371 1338 3438 fi-

289 3483 385 3550 brae
406 3470 639 3575 muscularas
661 3477 1043 3568 transversae,1quae
1064 3479 1247 3550 extremis
1268 3498 1339 3544 an.

291 3586 476 3668 mulorum
515 3579 857 3670 cartilagineoium
894 3575 1090 3658 adnexae„
1118 3579 1340 3668 deliquium

288 3687 486 3778 posterius
502 3681 716 3766 complent,
734 3702 876 3768 suaque
898 3685 1162 3752 contractione
1182 3682 1338 3782 trache—
1374 3685 1379 3694 '

252 3797 256 3806 '
290 3812 356 3861 am
391 3783 567 3862 arctant,
601 3792 638 3850 et
670 3805 748 3849 una
782 3785 1007 3864 solidiorem
1043 3788 1220 3856 reddunt.
1261 3791 1335 3856 His

291 3893 481 3986 accedunt
506 3889 630 3954 fibrae
652 3887 923 3970 longissimae,
943 3887 1032 3952 inde
1060 3911 1082 3954 a
1104 3892 1337 3990 cartilagine

286 3998 484 4066 cricoidea
513 3987 719 4060 secundum
750 3995 940 4074 posterius
969 3991 1200 4062 annulorum
1237 3993 1337 4060 deli·
1394 3983 1398 3994 ’

291 4101 449 4190 quium,
470 4117 537 4180 per
570 4113 724 4158 omnem
747 4095 929 4160 trachoae
958 4097 1246 4196 longitudinem
1268 4119 1337 4164 ex·

291 4207 511 4270 currentes,
536 4195 653 4288 inque
681 4195 941 4262 bronchorum
971 4197 1334 4273 ramifioationibus

290 4305 424 4394 magia
448 4299 575 4368 adhuc
612 4300 869 4384 conspicuam
896 4303 1037 4369 harum
1068 4303 1351 4378 contractione,

1209 4413 1338 4476 totam
