2922 4996
277 373 323 470 '92
365 383 450 448 er.
474 381 502 446 1.
529 365 618 448 cir.
641 377 1255 468 11.nrrr1nrrr.r1ersr10rr.

637 603 640 610 .
718 524 897 590 Srorcll.
987 545 989 551 ¹

559 667 612 722 nr
644 665 763 722 cmm
797 623 1064 724 rorrrrrronr.

548 824 607 888 Ἰ.
628 821 885 888 Inrusrrnuir
915 803 1083 908 ηψπ(

731 1019 761 1088 l·
805 1019 879 1093 285·
966 1091 969 1096 r
1012 1089 1014 1098 s

445 1181 1157 1262 Fabricaintestinitenuis.

363 1323 565 1406 Descripta
583 1319 752 1387 hucdum
763 1317 1038 1386 alimentorum
1062 1321 1329 1406 digestiopar·

277 1433 359 1492 tem
396 1433 558 1492 tantum
599 1427 804 1492 constituit
845 1425 980 1491 vitalis
1025 1427 1132 1491 illius
1178 1449 1330 1512 procee-

277 1550 373 1607 eus,
406 1551 480 1616 quo
510 1531 618 1598 cibus
652 1537 689 1594 et
724 1523 839 1614 potue
876 1531 1029 1613 corpori
1065 1531 1228 1596 animali
1259 1535 1328 1598 ad·

273 1632 515 1702 similantur.
539 1635 720 1700 Defertur
740 1636 876 1720 itaque
894 1636 1054 1732 thymus
1077 1635 1117 1716 (ς
1150 1624 1248 1721 Ιι.Ξςο.)
1282 1638 1329 1704 in

274 1741 415 1820 tubum
439 1737 728 1816 intestinalem,
746 1744 934 1823 tanquam
954 1739 1164 1803 ventriculi
1196 1741 1322 1820 ipsius

273 1842 565 1925 elongationem
581 1845 619 1903 et
644 1841 816 1902 canalem
838 1839 1202 1918 membranaceum,
1225 1843 1351 1925 saxia,

272 1965 315 2008 es
337 1950 404 2037 aut
422 1934 848 2027 plurie'rtoto'corpore
873 1941 1099 2026 longiorem.

276 2058 283 2067 ’
361 2069 415 2131 Ea
435 2067 523 2130 tubi
549 2066 787 2156 intestinalie
818 2067 972 2150 portio,
1003 2073 1102 2152 quae'
1130 2088 1154 2132 a
1181 2072 1324 2154 pyloro

272 2167 421 2252 incipit
443 2176 481 2234 et
500 2171 657 2236 valvula
691 2171 766 2235 coli
798 2171 957 2245 finitur,
983 2175 1138 2256 tenue
1170 2160 1325 2237 intesti-

267 2289 371 2336 num
391 2269 542 2368 dicitur.
564 2265 732 2357 Longior
750 2274 847 2337 haec
867 2279 924 2338 est
947 2291 990 2334 ac
1010 2291 1134 2335 crassa
1168 2273 1323 2339 intesti-

164 2393 172 2404 “
271 2373 321 2438 ni
343 2381 453 2458 pars,
478 2381 536 2438 ut·
555 2373 648 2440 adeo
679 2377 851 2459 corporis
882 2375 1016 2440 totius.
1032 2375 1321 2459 longitudinem

266 2481 409 2562 quater
429 2478 598 2544 excedat.
621 2467 821 2544 Est'tenue
832 2478 1065 2564 intestinum
1078 2480 1320 2575 membranis=

271 2584 536 2652 tenerioribus
551 2585 776 2662 conflatum
786 2585 960 2668 pluribus
978 2603 1068 2670 vero
1083 2583 1225 2668 gaudet
1237 2602 1326 2658 sane

207 2741 209 2748 ,
271 2689 467 2772 guiseris,
489 2696 527 2754 et
550 2691 663 2774 longe
685 2688 865 2773 plurimis
886 2688 1183 2752 absorbentibus
1204 2689 1323 2766 vasis,

268 2795 407 2876 estque
423 2793 586 2856 minoris
609 2811 724 2877 quam
743 2810 913 2860 crassum
933 2789 1215 2873 amplitudinis.
1229 2791 1325 2856 Cum

268 2893 432 2976 plenum
453 2903 511 2958 est
532 2896 594 2959 vel
617 2897 703 2960 adro
724 2893 1144 2978 expansum,canalem
1164 2893 1325 2960 exhibet

269 3001 437 3061 teretem
469 3001 508 3062 et
536 2999 732 3075 conicum,
753 2996 935 3062 latiorem
966 3013 1041 3080 qua
1068 2996 1231 3079 incipit,
1251 3017 1324 3060 an-.

268 3101 489 3186 gustiorem
512 3101 560 3172 ad
580 3071 713 3166 tinem.
735 3103 811 3165 Usu
828 3100 936 3165 venit
948 3099 1183 3163 anatomicis
1200 3098 1321 3174 ,inte-

263 3203 419 3268 stinum
441 3210 576 3279 tenue,
596 3203 803 3268 arbitrario
822 3202 1000 3288 quidem,
1024 3201 1065 3263 in
1085 3207 1164 3264 tres
1184 3202 1320 3280 subdi·

265 3309 403 3373 videre
421 3307 618 3392 portiones
630 3351 641 3383 ,
664 3307 773 3370 nullo
798 3310 902 3370 certo
923 3303 1094 3368 naturali
1117 3303 1244 3368 limite
1258 3305 1319 3368 in·
1337 3346 1341 3357 ·

263 3409 329 3480 tr'er
358 3435 420 3477 eas
447 3411 655 3482 existente:
674 3409 988 3484 duodenum,
1009 3405 1182 3489 jejuno
1200 3427 1239 3482 m
1275 3415 1316 3473 et

266 3522 421 3590 ilion.
530 3541 545 3590 ,·
1076 3537 1079 3544 ·

350 3641 382 3710 A
401 3636 538 3729 p'yloro
562 3649 737 3710 exortum
760 3644 854 3708 duo
870 3643 963 3708 den
978 3661 1076 3718 um,
1103 3643 1150 3706 ob
1185 3641 1313 3726 longi-

214 3812 224 3828 ,
261 3749 446 3816 tudinem
464 3747 666 3845 duodecim
687 3755 996 3814 transversorum
1016 3748 1224 3832 digitorum
1259 3749 1316 3812 sic

262 3851 546 3934 compellatum
560 3894 571 3928 ,
591 3829 832 3919 h'ori'zontali
851 3853 1065 3918 directione
1078 3853 1125 3916 ad
1140 3851 1319 3918 dextrum

261 3955 440 4040 excurrit
457 3955 560 4021 latus
588 3976 707 4042 usque
728 3956 778 4022 ad
798 3957 963 4022 fundum
988 3955 1135 4020 vesicae
1152 3957 1315 4035 fellere,

261 4063 310 4124 ot
323 4057 469 4122 format
484 4058 541 4124 cic
559 4065 711 4144 partem
734 4059 1036 4147 transversalem
1064 4059 1317 4144 superiorem

257 4178 363 4242 pone
385 4161 574 4247 cystidem
594 4163 797 4228 hillariam
818 4163 1004 4228 flexuram
1017 4163 1113 4228 lacit
1131 4165 1315 4248 primam,

256 4267 307 4330 at
330 4265 560 4345 constituit,
579 4274 683 4334 recte
707 4267 970 4336 adsecundem
992 4267 1318 4336 ettertiamlum-
