2922 4996
277 455 341 506 sso
381 437 464 504 tn.
485 433 514 498 1.
536 433 750 500 csr.11.Dn
763 443 1231 501 struerennrossrsoun.

691 603 694 611 ·
733 587 764 656 §-
806 597 882 660 spo.

392 763 801 831 Differentiae'
790 785 842 828 sn
875 763 1205 830 animalibus

278 919 285 932 ⁴
358 927 565 994 -Latissime
585 921 807 994 dominatur
825 929 913 1008 post
932 943 994 996 cor
1020 929 1057 988 st
1075 923 1214 988 tubum
1246 921 1320 988 ali·

277 1033 543 1100 monterium
532 1053 574 1096 ιη
579 1048 709 1116 regno
729 1030 920 1094 animali
910 1049 1039 1124 ipsum
1056 1028 1197 1111 hepar,
1212 1029 1320 1104 adeo,

277 1140 323 1204 ut
353 1135 580 1198 mammalia
614 1133 791 1220 quaevis,
815 1154 936 1208 aves,
955 1115 1177 1214 amphibia,
1197 1131 1321 1224 pisces

278 1244 318 1303 et
345 1221 531 1305 mollusca
561 1259 604 1304 eo
639 1237 854 1324 gaudeant3
879 1258 1026 1307 vermes
1059 1235 1319 1320 Aphroditae,

277 1321 456 1428 'interque
489 1344 674 1429 zoophita
699 1344 872 1410 Asteriae
907 1342 1159 1406 Holothuriae
1191 1355 1323 1406 conte·

275 1449 436 1532 ptacula
465 1449 638 1524 habent,
661 1467 757 1534 quaa
785 1447 989 1512 materiem
1020 1445 1219 1511 continent
1246 1443 1326 1534 hili

278 1556 484 1638 analogam
507 1556 561 1639 *).
593 1554 720 1618 Etiam
748 1553 894 1618 insecta
921 1553 1024 1618 vasis
1045 1553 1316 1630 instruuntur,

277 1675 377 1742 quae
409 1656 493 1720 cell.
524 1657 679 1722 cuvmr
707 1660 745 1718 et
771 1657 1030 1720 TnEvnsauus
1064 1675 1132 1738 pro
1165 1654 1320 1722 'biliosis

276 1759 479 1824 declarant
500 1761 574 1846 ”).
596 1758 683 1844 Ipsa
704 1763 834 1823 autem
849 1759 969 1824 moles
988 1759 1142 1844 hepatis
1159 1781 1318 1846 genera·

66 1919 70 1926 .
173 1893 175 1910 ·
276 1862 351 1926 tim
365 1860 660 1945 reproductivas
678 1861 881 1945 respondet
899 1863 1088 1948 potestati
1096 1883 1215 1948 ,quae
1227 1885 1318 1932 cum

275 1964 362 2029 vita
388 1965 552 2030 animali
581 1965 621 2030 in
649 1965 891 2048 oppositione
920 1967 1055 2030 existit
1085 1955 1207 2047 0248.
1224 1990 1263 2034 n.
1281 1988 1316 2053 3.

197 2147 200 2154 Α
274 2077 308 2147 5.
329 2073 433 2155 80·);
452 2070 551 2134 unde
566 2089 737 2154 organon
754 2070 858 2134 idem
877 2069 967 2134 inde
988 2092 1011 2133 a
1040 2073 1315 2140 mammalibus

275 2187 394 2258 usque
416 2175 603 2238 mollusca
616 2174 786 2254 ‚relativo
807 2179 968 2258 augetur
989 2173 1199 2250 volumine,
1213 2195 1318 2242 cum·

276 2291 350 2358 que
370 2275 523 2340 cerebro
545 2277 586 2341 in
605 2275 874 2362 antagonismo
906 2297 985 2364 esse
1007 2276 1160 2340 videtur
1184 2280 1242 2364 a).
1272 2281 1316 2344 In

275 2377 371 2462 ipsis
390 2401 479 2444 vero
497 2379 750 2446 mammiferis
772 2380 904 2465 aliqua
930 2380 1049 2444 etiam
1074 2379 1181 2464 viget
1210 2383 1314 2455 inter

130 2493 155 2579 ’ἱ
273 2481 396 2569 hepar
418 2491 456 2548 et
485 2492 714 2570 apparatum
732 2486 1002 2569 respirationis
1024 2487 1183 2562 relatio,
1204 2487 1313 2565 adeo,

274 2588 413 2676 uthoc
434 2587 660 2670 perfectiore
681 2588 809 2652 minus
832 2588 882 2654 sit
900 2590 1037 2671 hepar,
1058 2595 1095 2652 et
1124 2589 1313 2672 vicissim,

273 2689 492 2775 horumque
527 2709 756 2775 organorum
790 2694 1031 2765 functiones,
1061 2691 1314 2778 dephlogisti·

270 2791 463 2857 sationem
486 2793 587 2858 inter
606 2795 757 2880 reliqua
774 2815 845 2880 pro
864 2816 978 2878 scopo
996 2796 1205 2873 habentes,
1227 2817 1313 2864 mu·

274 2901 341 2963 tuo
364 2907 484 2966 semet
501 2901 720 2986 suppleant.

357 3067 628 3134 Mammalium
648 3067 773 3154 jecur,
795 3067 828 3132 si
859 3067 999 3131 coloris
1017 3070 1055 3130 at
1073 3067 1314 3151 magnitudi-

271 3166 334 3234 nis
366 3166 629 3248 differentiae,
651 3191 693 3235 ao
724 3171 903 3259 lohorum
930 3169 1171 3253 excipiantur
1198 3189 1313 3253 pecu·
1395 3169 1398 3174 ’

273 3273 387 3340 liares
409 3277 641 3356 varietates,
667 3275 828 3342 eandem
849 3275 1004 3340 exhibet
1024 3281 1067 3340 ut
1096 3275 1311 3342 humanum

267 3373 462 3444 fabricam
478 3380 539 3462 b).
571 3380 706 3444 Variae
733 3385 860 3442 autem
883 3385 1088 3444 occurrunt
1118 3378 1160 3444 in
1187 3377 1311 3444 ducti·

268 3477 340 3543 bus
365 3481 534 3546 biliariis
562 3478 830 3558 differentiae,
852 3500 948 3566 quae
975 3500 1083 3545 suam
1108 3487 1207 3574 certe
1238 3482 1309 3546 ha·

176 3581 183 3606 ⁸
266 3580 364 3648 hent
391 3585 636 3650 relationem·
671 3585 805 3648 Varius
827 3581 929 3648 enim
958 3589 1014 3648 est
1033 3583 1215 3650 ductuum
1247 3603 1311 3648 eo·

271 3707 359 3754 rum
386 3709 592 3772 numerus,
612 3690 679 3776 qui
709 3709 776 3754 nec
798 3707 946 3772 semper
970 3689 1123 3774 hepatis
1154 3709 1310 3773 respon·

271 3789 338 3856 det
359 3792 484 3874 lobis,
503 3795 612 3860 vario
634 3793 753 3857 etiam
781 3792 865 3857 loco
885 3815 905 3856 e
921 3793 1069 3858 viscere
1098 3798 1310 3876 emergunt.

268 3893 390 3977 Saepe
421 3893 556 3962 ductus
593 3893 766 3979 hepatici
807 3895 1085 3960 numerosiores
1115 3895 1155 3958 in
1187 3915 1308 3960 unum

268 3995 506 4080 colliguntur
526 4004 564 4062 et
584 4016 825 4061 communem
850 3997 1028 4074 ductum3
1041 3998 1081 4062 in
1101 3997 1188 4061 aliis
1212 3999 1309 4063 casi-

267 4095 341 4163 hus
361 4090 509 4162 canales
527 4099 655 4180 plures
676 4121 698 4164 a
712 4098 852 4180 hepate
873 4099 915 4164 in
939 4101 1124 4185 oystidem
1143 4107 1309 4186 pergunt

267 4201 338 4281 e),
368 4205 648 4288 volueruntque
688 4192 1203 4292 hepatico-cysticos
1239 4208 1309 4276 hos

269 4296 404 4369 ductus
434 4303 562 4388 plures
587 4308 676 4389 post
702 4303 940 4374 Galenum
968 4307 1170 4397 scriptores
1197 4309 1243 4400 d)
1266 4310 1308 4377 in
