2898 4992
479 389 585 460 Sror.
603 391 632 460 1.
650 391 709 460 Dr
731 403 872 462 conor.
1040 473 1043 480 ,
1137 405 1201 484 oar

159 539 325 601 stratum
355 535 577 604 columellas
598 545 634 604 et
656 541 819 607 lacertos
849 513 969 609 dictos
1000 539 1201 624 efformet,

160 641 352 707 lacunulis
378 645 510 714 multis
530 645 783 728 interpositis.
1219 653 1223 662 '

243 815 392 898 Accipit
430 816 667 881 ventriculus
697 817 770 881 iste
799 815 1028 901 sanguinem
1063 841 1081 883 e
1113 821 1201 888 sinu

157 916 376 998 pulmonali
399 907 464 998 per
488 918 675 982 ostium
696 919 957 994 vesosem,
984 922 1085 1007 quod
1116 943 1202 1006 per·

156 1017 246 1084 inde
270 1019 323 1082 sic
346 1039 385 1083 se
405 1020 547 1099 habet,
566 1029 609 1084 ut
629 1021 670 1085 in
691 1023 823 1087 dextro
846 1024 957 1088 corde
969 1069 981 1101 ,
1004 1027 1119 1108 paulo
1142 1032 1202 1092 ta·

158 1139 248 1185 rnen
273 1123 471 1207 angustius
494 1107 787 1199 est.'Annulns,
811 1147 829 1188 e
853 1124 1048 1209 duplicata
1075 1129 1199 1194 cordis
1243 1163 1246 1172 ’

155 1222 312 1288 interna
343 1226 568 1288 membrana
605 1227 866 1308 compositus,
895 1227 1043 1294 firmior
1077 1238 1134 1296 est
1163 1239 1201 1296 et

71 1371 74 1378 -
157 1329 345 1404 crassior,
369 1329 610 1412 excurritque
632 1329 673 1391 in
703 1328 796 1392 duas
826 1331 983 1396 nonnisi
1014 1333 1203 1416 majores,

156 1429 377 1516 inaequales
406 1435 442 1492 et
475 1429 704 1512 irregulares
730 1431 913 1508 lacinias,
935 1432 1099 1514 copiosis
1121 1431 1201 1496 filis

154 1534 349 1598 tendineis
390 1531 584 1606 adnexas,
612 1532 743 1618 sicque
784 1533 986 1600 constituit
1024 1535 1203 1596 valvu-
1304 1527 1315 1542 “

156 1639 255 1702 lam
282 1635 661 1718 bicuspidalem
684 1657 713 1702 e.
737 1621 1009 1701 mit‘ralem.
1040 1637 1203 1724 Lacinia

14 1769 17 1778 Α
103 1745 109 1764 “
156 1735 332 1821 superior
360 1737 481 1820 major
512 1733 661 1818 semper
695 1742 774 1811 est,
798 1737 1019 1822 clauditque
1058 1737 1202 1802 ostium

159 1838 387 1906 arteriosum
413 1838 503 1902 dum
526 1839 719 1913 tenditur,
739 1842 783 1902 ut
803 1838 897 1904 adeo
917 1837 1019 1903 nihil
1046 1839 1091 1903 de
1112 1861 1201 1904 san·

126 1933 132 1946 ’
157 1943 274 2024 guine
298 1947 385 2004 ante
405 1941 575 2024 systolen
598 1962 616 2003 e
636 1941 851 2004 ventriculo
874 1943 916 2005 in
937 1944 1086 2004 aortam
1110 1940 1200 2002 illa·
1291 2005 1294 2014 ,

156 2043 200 2110 hi
219 2043 348 2127 possit.
381 2040 538 2103 Lacinia
559 2042 719 2106 inferior
741 2047 795 2106 est
818 2041 947 2106 minor
969 2041 1056 2128 bb).
1086 2042 1198 2106 Prae·

38 2155 40 2160 '
157 2150 236 2212 etat
264 2145 358 2208 haec
378 2137 535 2206 valvula
567 2141 669 2206 idem
694 2164 780 2207 cum
807 2143 1054 2226 tricuspidali
1078 2145 1201 2210 offici-

158 2266 237 2312 um.
270 2244 394 2310 Simili
415 2237 591 2312 schebet
625 2246 776 2310 ratione
798 2248 984 2310 ostium
1017 2247 1200 2311 artari·

158 2369 296 2416 osum
323 2333 530 2414 ventriculi
565 2346 749 2425 sinistri,
775 2346 823 2410 ed
853 2354 1003 2412 eortam
1034 2349 1197 2416 ducens=

157 2453 379 2522 formantur
411 2467 546 2530 nempe
575 2453 651 2512 tres
675 2445 834 2530 perinde
855 2467 953 2512 sem
965 2450 978 2512 i
990 2450 1037 2512 lu
1053 2471 1079 2514 n
1092 2473 1168 2516 are
1183 2473 1200 2516 s

158 2577 184 2619 v
199 2576 221 2618 a
233 2556 247 2617 l
259 2577 282 2618 v
296 2552 425 2625 ulae,
452 2550 614 2633 majores
632 2557 768 2618 tamen
796 2555 833 2614 et
850 2551 1102 2632 robustiores,
1129 2574 1198 2636 per
1265 2601 1268 2607 ·

157 2657 340 2724 intimam
362 2654 569 2724 ventriculi
599 2655 793 2734 tunicam,
814 2654 966 2718 nodulis
995 2656 1196 2742 cartilagi-'

142 2761 241 2832 -nois
275 2777 450 2844 quoque,
490 2756 811 2820 eminentioribus
851 2756 1004 2842 quidem
1040 2765 1076 2822 et
1109 2780 1197 2823 con·

159 2861 415 2939 stantioribus
426 2901 436 2936 ‚
454 2859 665 2922 instructae
675 2857 799 2939 ‚idem
816 2877 954 2926 munus
964 2904 977 2942 ,
989 2866 1033 2925 ut
1054 2863 1096 2926 in
1115 2863 1201 2956 pul·

156 2964 306 3036 morali
323 2960 466 3030 arteria
481 2961 693 3046 iungentes.

263 3140 296 3207 ⁴l)
316 3134 477 3198 Auriculae
494 3137 612 3191 nomine
628 3134 767 3215 plerique
793 3135 952 3198 anatomici
973 3144 1068 3198 totum
1090 3135 1188 3192 einum

228 3225 456 3291 intellexerunt,
476 3241 543 3279 cum
562 3226 613 3279 alii
631 3227 825 3300 appendicem
841 3237 955 3284 tentum
978 3228 1124 3282 atriorum
1149 3226 1191 3282 ita

228 3314 457 3372 denominatum
475 3315 646 3383 (llallerr
665 3315 761 3378 Elem.
777 3316 862 3392 phys.
880 3318 904 3373 l.
919 3335 952 3393 p.
969 3317 1057 3394 395).

261 3474 316 3544 Μ)
334 3470 625 3530 nnunuunlofln
643 3470 739 3526 instit.
756 3468 885 3545 physiol.
902 3469 975 3526 Tul).
990 3471 1017 3529 Ι.
1032 3469 1116 3530 u-d.

261 3618 296 3688 a)
315 3617 467 3674 nunna
483 3619 506 3677 1.
523 3635 550 3674 c.
564 3618 672 3696 pedet,
690 3618 719 3689 d.
737 3629 782 3688 17.

145 3735 148 3744 ’
228 3764 295 3906 ¹⁵1»)
314 3765 443 3822 conen
457 3767 529 3826 res.
547 3766 648 3824 cxlv.
667 3767 718 3842 cg.
737 3781 762 3823 1.
776 3794 811 3814 -
823 3765 878 3840 rr)
892 3767 966 3828 ssia
986 3765 1061 3831 ras.
1080 3761 1198 3842 cxrrr.

157 3861 161 3870 ·
251 3868 279 3925 s·
298 3866 326 3916 ¹·
344 3871 374 3910 11·
389 3871 420 3927 οι

267 4004 297 4071 0)
313 4001 389 4066 isis.
408 4001 482 4060 uss.
500 4004 628 4062 cxvnr.
644 4005 692 4079 cg.
709 4021 734 4060 ι.
753 4022 785 4069 ιι.
798 4017 827 4060 α.

232 4156 296 4312 i(i)
313 4157 465 4222 Huius
479 4157 502 4224 1.
518 4175 546 4226 c.
566 4176 599 4236 p.
619 4159 683 4223 310.
708 4157 739 4240 d.
751 4163 781 4226 i.
797 4184 832 4200 ·-
847 4149 977 4212 LODER
995 4137 1068 4214 rar.
1089 4151 1199 4228 CXVI,

255 4249 333 4324 Μ·
413 4275 416 4282 ·
