2956 4996
753 93 783 183 α.

257 298 324 426 sio
367 403 371 413 ,
414 335 502 400 Lre.
521 332 549 396 Ι.
574 333 665 435 ose.
688 329 752 394 111.
770 287 829 394 Dr
853 341 1176 396 nrsrrnsrrose.

119 517 123 526 ·
150 468 155 476 ’
250 477 363 548 ¹baud
392 479 515 542 alium
538 493 643 566 esse,
674 491 790 558 quam
819 470 1024 534 arteriolas
1060 471 1312 550 exhalantes,-

243 578 679 649 'vivicidia'ostendunt
701 575 739 640 et
769 576 1055 658 experimenta:
1076 575 1183 640 vides
1205 577 1311 642 enim
1403 583 1408 594 '

258 689 431 758 halitum
460 707 503 772 ex
536 685 644 748 omni
677 699 805 747 serosa
843 663 1047 762 superficie
1079 672 1310 764 adsurgere,
1376 725 1382 748 .

104 772 113 784 ”
236 781 1310 876 'sipectussecuerisbruticujusdemanimali33aqua
1416 813 1424 826 ·

260 895 350 960 dein
387 891 520 976 tepida
542 936 552 968 ‚
573 891 637 953 vel
664 887 781 953 tincti
808 887 1020 967 tenuiores,
1040 887 1234 974 liquores,
1263 891 1309 956 in

40 983 43 992 Α
156 1049 162 1067 ,
259 995 424 1060 arterias
451 985 616 1058 humani
645 989 843 1056 cadaveris
868 990 1052 1072 impulsi,
1074 1013 1118 1056 ex
1150 993 1309 1074 pleurae

236 1085 237 1090 ἵ
257 1095 462 1182 superficie
492 1095 680 1160 exsudant
708 1097 763 1182 c).
797 1094 981 1159 Lubrieat
1001 1095 1033 1158 is
1054 1095 1195 1160 humor
1216 1097 1306 1162 theo

257 1189 357 1268 racis
369 1217 521 1284 organa
529 1240 539 1274 ,
561 1203 599 1262 et
619 1199 786 1282 impedit
804 1198 976 1281 partium
1002 1201 1307 1281 concretionem,

257 1302 384 1380 unde,
405 1302 482 1366 nisi
504 1299 764 1368 inflammatio
786 1308 824 1365 et
842 1300 1028 1386 lymphae
1050 1303 1308 1386 coagulabilis

197 1419 201 1434 ⁸
258 1411 459 1482 exsudatio
493 1405 553 1492 (§.
587 1409 1024 1497 108.),preecesserint.
1054 1413 1189 1496 pleura
1219 1429 1306 1476 cum

255 1515 507 1598 pulmonibus
527 1513 670 1578 nullibi
693 1515 885 1578 cohaeret.
917 1516 975 1580 Ad
997 1508 1200 1580 abnormes
1228 1514 1306 1597 igi·

256 1623 321 1682 tur
341 1616 604 1682 concretiones
621 1617 841 1700 pertinent,
860 1636 953 1703 quas
975 1620 1189 1683 anatomici
1212 1617 1307 1683 olim

257 1737 344 1814 prol
364 1720 589 1804 ligamentis
618 1723 849 1804 pulmonum
882 1704 1111 1787 habuerunt*
1136 1723 1208 1810 d),
1237 1741 1306 1786 nec

258 1824 445 1888 confundi
469 1823 609 1887 debent
625 1841 714 1900 ‚cum
727 1824 951 1889 mediastini
973 1826 1305 1910 productionibus,

206 1947 212 1960 ·
243 1929 566 2012 'ligamentorum
593 1894 893 2012 pulmonalium¹
918 1932 1078 1997 nomine
1111 1930 1304 1996 venienti-

256 2033 331 2100 bus
352 2039 408 2124 e).

341 2173 486 2240 Docuit
517 2173 613 2239 olim
649 2173 897 2251 Galenus,
926 2175 1103 2258 pleuram
1133 2175 1238 2239 inter
1267 2177 1311 2248 et,

255 2263 460 2364 pulmones
491 2279 619 2342 ae‘rem
651 2277 814 2342 existere
842 2279 900 2360 (t.
927 2283 1160 2365 27.n.1o.),
1190 2299 1307 2366 quam

256 2384 499 2452 sententiam,
512 2384 641 2468 plures
659 2389 793 2466 postea
814 2386 892 2450 viri
913 2375 1101 2450 tenebant
1121 2387 1185 2472 f),
1204 2387 1306 2470 ipse·

201 2465 210 2559 ’,
257 2505 331 2572 que
354 2487 397 2551 G.
417 2486 506 2550 Erh.
529 2489 828 2552 Hsusrnersus
860 2488 881 2570 (
891 2496 920 2563 t.
942 2507 993 2570 29.
1014 2494 1053 2562 n.'
1073 2491 1139 2573 3.)
1170 2488 1305 2552 adver-

258 2607 319 2654 sus
342 2591 555 2654 Halleru
569 2609 607 2652 m
627 2591 803 2680 acerbius
830 2590 1000 2654 defendit
1022 2593 1082 2677 g).
1103 2591 1179 2672 'Qui
1201 2592 1303 2658 a'e'ris

253 2691 299 2764 in
319 2689 489 2756 thoracis
513 2713 606 2756 cavo
626 2692 886 2776 praesentiam
906 2699 1201 2779 propugnarunt
1209 2694 1305 2774 ,hu-

256 2793 390 2882 iusque
422 2797 619 2880 pressione
657 2799 787 2864 adrem
817 2820 836 2861 e
870 2799 1121 2882 pulmonibus
1161 2797 1305 2881 expelli
1340 2811 1348 2828 ⁸

253 2897 525 2992 crediderunt,
541 2883 882 2968 'observationibus
903 2903 1133 2974 fallacibus,
1155 2899 1305 2982 experi-

255 3005 399 3070 mentis
421 3009 549 3074 minus
571 3015 680 3074 caute
703 3007 896 3075 institutis
908 2994 923 3082 ,1
944 3015 982 3071 et
1002 3003 1221 3072 ratiociniis
1242 3003 1304 3066 in·

156 3165 179 3189 ,.
258 3109 434 3190 congruis
454 3111 513 3174 usi
537 3118 639 3176 sunt.
671 3112 825 3178 Etenim
844 3097 978 3198 pulmo
1000 3109 1156 3192 pleurae
1178 3107 1304 3171 conti-

165 3203 167 3208 ’
257 3231 352 3296 gnus
379 3221 598 3280 constanter
625 3223 705 3295 est,
736 3222 782 3280 ut
811 3199 852 3280 in
880 3215 970 3296 yivo
990 3213 1177 3288 animali,
1203 3219 1239 3281 et
1263 3213 1306 3278 in

259 3317 475 3400 cadavere,
500 3319 695 3386 denudata
727 3322 769 3384 in
799 3320 915 3404 plaga
947 3318 1079 3404 aliqua
1110 3338 1155 3380 ee
1183 3337 1304 3380 mem·

256 3419 410 3496 brana,
444 3431 603 3507 apparet
625 3401 812 3506 {recedit
844 3429 974 3486 autem
1000 3421 1201 3506 protinus,
1220 3421 1302 3506 ubi

253 3525 390 3608 ‚tonica
411 3547 455 3590 ea
484 3526 676 3604 laeditur,
700 3531 838 3614 aiirque
864 3517 1044 3590 cirternus
1068 3525 1109 3588 in
1136 3523 1302 3606 pectoris

254 3624 373 3692 irruit
395 3649 529 3694 cavum
557 3631 619 3720 h).
653 3631 805 3697 Inflicto
827 3629 997 3700 thoracis
1019 3649 1113 3692 cavo
1142 3627 1183 3690 in
1209 3627 1302 3690 vivo

225 3729 228 3736 '
255 3731 420 3796 animali
447 3740 628 3810 vulnere,
649 3737 782 3820 pulmo
818 3735 1048 3809 collabitur,
1078 3731 1203 3795 oritur
1226 3729 1303 3813 spi·

253 3834 352 3902 ritus
387 3834 550 3902 ducendi
585 3836 835 3914 difficultas,
871 3837 1099 3902 debilitatur
1133 3855 1230 3908 vox,
1264 3837 1304 3896 et

253 3938 478 4022 'supervenit
504 3941 589 4022 ipsa
611 3941 765 4006 demum
785 3961 909 4018 mors,
931 3941 964 4006 si
990 3947 1153 4025 utraque
1172 3945 1304 4022 pecto·

251 4039 310 4106 ris
333 4061 449 4106 cavea
467 4047 600 4124 aperta
621 4029 741 4106 luerit
762 4042 812 4131 i).
836 4046 993 4108 Constet
1013 4047 1212 4128 praeterea
1233 4037 1302 4102 ob·

254 4145 567 4222 curationibus,
583 4147 854 4212 adhaesionem
871 4149 1100 4231 pulmonum
1119 4145 1168 4209 ad
1193 4143 1301 4227 pleu-

253 4257 352 4334 rarn]
371 4249 414 4318 in
442 4241 705 4338 respiratione
727 4252 878 4320 nullam
909 4271 1051 4358 ponere
1080 4233 1301 4322 difficulte-
