2912 5000
291 427 356 502 398
397 413 485 481 L1u·
504 414 532 478 1·
553 416 640 478 Gne.
664 411 723 478 1v.
747 380 806 478 Du
828 423 993 482 sucum*Ox
1008 426 1233 484 nruxcnur.

374 562 585 626 Nervorum
625 564 755 622 autem
790 558 976 640 potestati
1007 559 1218 638 subjectam
1260 579 1351 631 esse,
1384 567 1386 572 '

291 684 429 730 renum
458 663 723 737 functionem,
757 666 842 724 tum
867 680 912 724 ex
942 661 1012 736 iis,
1039 680 1135 746 quae
1163 667 1341 746 superius

292 765 344 850 (§.
362 769 458 850 354.)
481 767 585 830 dicta
605 769 857 846 sunt,patet‚
871 773 954 827 tum
980 785 999 828 e
1021 785 1203 831 consensu
1224 787 1339 849 pecu-

290 873 382 936 liari
394 917 406 950 ,
424 871 491 957 qui
509 870 610 934 inter
632 891 677 932 ea
699 870 848 932 viscera
870 875 907 932 et
928 873 1130 934 cutaneum
1154 878 1338 957 systema,

290 975 503 1056 tubumque
537 971 827 1036 alimentarium
867 978 1066 1057 ceteraque
1105 991 1248 1056 organa
1276 993 1340 1038 re·

290 1077 520 1162 productiva
549 1077 676 1159 viget,
699 1068 902 1138 manifeste
935 1082 1107 1158 apparet.
1151 1076 1217 1142 His
1247 1076 1339 1142 addi

293 1183 434 1262 debet,
464 1177 564 1266 quod
600 1179 710 1242 nulla
746 1179 826 1241 fere
856 1177 905 1240 sit
937 1178 1120 1260 organica
1152 1176 1303 1242 iunctio
1328 1221 1343 1258 ,

290 1307 387 1372 quae
405 1285 527 1350 tantis
548 1280 598 1347 sit
619 1281 785 1346 obnoxia
808 1281 1111 1357 mutationibus,
1133 1283 1180 1346 ab
1213 1281 1340 1346 animi

268 1390 459 1456 motibus
482 1394 522 1452 et
539 1387 740 1470 quibusvis
759 1387 914 1453 nervosi
933 1389 1155 1474 systematis
1177 1387 1340 1454 adlecti-

289 1495 362 1560 bus
386 1494 582 1560 suscitatis
606 1491 661 1576 e]-
796 1531 802 1548 ·
875 1550 879 1559 .
1179 1513 1186 1554 ι

373 1656 553 1719 Processu
584 1653 705 1735 igitur
727 1648 967 1717 blochemico
994 1653 1109 1717 urina
1141 1647 1339 1740 gignitur:

289 1765 542 1850 praeparatur
561 1757 700 1820 humor
718 1754 758 1819 in
779 1757 1013 1839 serpentinis
1035 1753 1229 1824 corticelis
1250 1761 1342 1824 sub·

290 1859 461 1929 stantiae
492 1859 762 1924 arteriolarum
795 1855 981 1932 flexibus,
1001 1859 1118 1946 inque
1147 1865 1343 1948 glomer-u·

290 1965 410 2030 lieet
442 1957 687 2026 ‹luctulorum
732 1961 1038 2027 Ballinienorum
1081 1963 1209 2029 initiis
1244 1986 1341 2032 vera

291 2063 487 2156 contingit
526 2047 617 2128 lotii
651 2064 828 2132 secretio.
871 2065 958 2147 Ipsa
990 2073 1118 2130 autern
1153 2071 1339 2136 tubulosa

203 2247 205 2252 ι
273 2169 510 2263 Δσιὼεῐαηῒίει
542 2166 590 2230 ad
619 2171 872 2254 secretionem
903 2185 947 2232 ea
981 2171 1131 2235 confert
1161 2171 1339 2252 ratione,

179 2285 182 2294 ·
292 2271 394 2359 quod
424 2270 618 2354 principia
641 2272 777 2335 urinae
811 2271 949 2334 intime
972 2271 1107 2352 unlat3
1137 2271 1236 2340 unde
1268 2277 1344 2340 hu·

292 2391 376 2440 mur
397 2369 438 2438 in
455 2373 598 2439 tubulis
624 2380 827 2438 contentus
854 2371 1029 2439 turbidus
1063 2379 1140 2453 est,
1173 2379 1205 2442 is
1227 2401 1343 2458 vero,

293 2479 451 2564 quiper
484 2477 650 2560 papillas
679 2484 716 2540 et
740 2477 876 2541 calices
899 2475 940 2540 in
967 2479 1112 2560 pelvim
1143 2481 1341 2560 ux‘stillat,

291 2583 477 2666 limpidus
499 2581 577 2659 iam
598 2586 771 2666 apparet.
816 2581 1033 2646 secernitur
1063 2583 1177 2648 urina
1205 2603 1342 2669 perpe.
1444 2631 1445 2636 ,

291 2693 382 2764 tuoe
403 2685 515 2769 copia
544 2689 700 2757 tamen,
728 2702 825 2768 quae
854 2683 894 2746 in
924 2683 1081 2752 homine
1112 2708 1204 2752 sano
1235 2689 1345 2754 intre.

293 2801 440 2856 eertum
459 2796 610 2872 tempus
632 2794 813 2870 paretur,
836 2788 1087 2855 determinari
1108 2793 1173 2856 vix
1195 2799 1338 2875 potest,

290 2896 482 2982 siquidem
509 2900 622 2978 potus
656 2890 825 2958 adsumti
860 2895 1060 2978 quantitas
1096 2901 1134 2960 et
1165 2896 1341 2974 indoles,
1443 2891 1444 2967 Ῐ

259 3049 261 3058 1
293 3004 395 3068 s'e'ris
413 3002 643 3084 temperies,
661 2998 896 3084 perspiratio
919 2999 1015 3064 cutis
1034 3006 1073 3066 et
1094 3002 1195 3066 aliae
1219 3023 1344 3068 secre-

237 3189 239 3198 y
292 3103 420 3172 tiones
451 3109 585 3170 auctae
616 3103 678 3168 vel
710 3099 930 3170 deminutae
958 3101 1046 3168 lotii
1077 3107 1343 3187 quantitatem

293 3213 459 3274 mutent.
488 3209 518 3272 A
538 3211 633 3291 potu
660 3204 783 3270 nimio
815 3203 1065 3270 secretionem
1086 3207 1185 3274 hanc
1206 3209 1344 3294 sugeri

293 3311 542 3378 notissimum
566 3316 644 3386 est;
670 3305 885 3374 intenditur
905 3310 1045 3392 hyeme
1066 3317 1110 3375 et
1127 3314 1344 3379 secernitur

295 3417 423 3484 minus
443 3416 590 3482 aestivo
622 3419 818 3496 tempor03
841 3412 1031 3477 minorem
1065 3414 1230 3480 mittunt
1258 3417 1344 3482 uri·

294 3537 369 3584 nae
400 3521 551 3603 copiam
585 3517 756 3582 infantes
797 3521 835 3588 et
870 3515 1071 3592 feminae,
1111 3519 1347 3600 praesertim

295 3622 479 3706 gravidae
493 3665 504 3700 ,
524 3619 708 3701 maiorem
739 3635 867 3696 senes,
891 3637 1053 3702 quorum
1078 3621 1178 3686 cutis
1210 3621 1347 3708 rigida

296 3745 435 3808 parum
457 3725 659 3808 perspirat.
691 3723 794 3786 Solet
817 3722 937 3786 etiam
968 3723 1129 3790 secretio
1150 3726 1346 3792 heremi·

297 3831 367 3898 nui
396 3828 497 3913 apud
527 3847 610 3906 eos,
641 3824 779 3911 quibus
810 3823 937 3891 morbi
965 3825 1128 3892 instant.
1160 3827 1265 3908 Viri,
1284 3851 1349 3894 se·

301 3933 426 4000 cunda
443 3932 613 3996 fruentes
632 3928 876 4002 valetudine,
898 3948 966 3994 nec
996 3931 1115 3994 nimis
1142 3932 1298 4010 bibuli,
1324 3958 1351 4002 a

300 4038 415 4104 libris
442 4049 525 4112 u··4
547 4035 653 4100 intra
678 4033 983 4118 nychthemeron
1014 4042 1194 4119 egerunt,
1223 4039 1351 4120 adeo,

301 4149 345 4209 ut
376 4139 553 4209 in'statu
585 4157 677 4204 sano
713 4139 841 4202 minus
874 4146 1093 4206 secernetur
1131 4139 1356 4226 de‚lotio,

304 4263 419 4332 quem
441 4243 486 4308 de
517 4249 612 4326 potu
635 4241 755 4308 luerit
784 4240 1007 4308 adsumtum
1037 4243 1090 4330 f).
1123 4246 1167 4312 lu
1196 4245 1353 4312 morbis
