2898 4992
254 425 319 496 484
417 417 503 484 Lra.
525 414 555 482 1.
577 410 762 484 camin.
778 413 839 478 Dr
864 427 1133 481 normrrour.

255 562 358 629 mnis
382 555 552 646 corporis
574 557 750 644 organici
761 561 860 642 'pars
890 557 932 622 in
961 557 1131 641 pristino
1156 576 1309 629 conser-

252 674 368 732 vatur
392 673 508 730 statu.
531 663 733 746 Euergiam
754 661 915 726 vitalem
938 668 976 725 et
996 667 1205 729 nervorum
1223 667 1307 731 vim

254 767 505 852 praecipuum
545 765 689 827 habere
724 763 768 828 in
800 761 1059 827 nutritionem
1090 763 1318 840 influxum,

255 876 300 934 e'x
322 872 397 944 iis,
420 887 517 954 quae
540 869 590 949 (§.
610 866 709 950 354.)
726 865 836 928 dicta
864 871 955 930 sunt
967 910 980 944 ,
1001 866 1096 929 satis
1122 871 1309 948 apparet,

228 987 229 990 ’
254 981 293 1039 et
314 975 450 1038 docent
472 973 512 1036 id
538 971 845 1044 observationes,
877 969 1017 1056 quibus
1042 977 1223 1047 constat,
1247 991 1307 1034 re-
1361 1001 1368 1010 ·

252 1059 524 1161 productivum
557 1074 658 1138 hunc
692 1091 909 1158 processum
940 1075 1119 1157 protinus
1146 1082 1309 1158 pertur-

250 1177 370 1254 bari,
400 1177 533 1242 nervis
566 1194 719 1262 quaqua
752 1176 905 1239 ratione
943 1175 1135 1252 adfectis,
1169 1175 1304 1260 ligatis

253 1285 322 1344 aut
344 1279 580 1362 compressis.
615 1279 716 1364 Quia
741 1297 833 1342 vero
855 1277 1035 1361 sanguis,
1055 1285 1190 1361 utpote
1213 1279 1304 1342 uni·-

252 1401 295 1472 ca
317 1383 504 1448 materiae
520 1383 710 1447 nutritiae
730 1362 948 1463 scaturigo,
967 1401 1036 1464 per
1058 1385 1120 1446 tot
1145 1369 1304 1465 ta'mque

249 1487 494 1552 diversarum
519 1487 768 1553 functionum
803 1491 1031 1550 concentum
1062 1492 1225 1569 paratur
1250 1487 1302 1568 (ς.

249 1599 376 1680 383),
395 1595 478 1679 ipsa
508 1596 629 1659 etiam
657 1593 824 1658 nutritio
854 1613 877 1656 a
909 1591 1044 1658 dehita
1074 1599 1301 1680 quorumvis

248 1699 615 1782 reproductivorum
637 1695 857 1780 officiorum
881 1695 1039 1778 energia
1059 1703 1097 1761 et
1119 1699 1303 1780 conveni·

248 1807 337 1866 ‚ente
358 1801 600 1887 singulorum
617 1797 827 1863 harmonia
849 1795 1051 1878 dependet.
1074 1800 1208 1862 Omnis
1228 1800 1303 1885 igi·

248 1907 314 1971 tur
334 1905 474 1969 horum
492 1925 514 1966 a
537 1901 705 1964 normali
735 1904 839 1963 statu
859 1919 1029 1964 recessus
1053 1901 1179 1984 ipsam
1204 1923 1300 1988 quo·

249 2027 322 2094 que
346 2012 496 2080 mutare
525 1997 647 2066 debet'
670 2000 950 2079 nutritionem,
974 2006 1018 2064 ut
1046 2000 1141 2066 adeo
1168 2006 1300 2071 nullus

246 2109 363 2192 plane
385 2109 425 2170 in
447 2123 602 2186 corpore
633 2103 855 2187 contingere
875 2103 998 2186 possit
1031 2106 1188 2172 morbus
1197 2149 1209 2184 ,
1232 2107 1299 2193 qui

246 2209 398 2276 nonsit
423 2205 582 2272 effectus
613 2207 810 2270 abnormis
844 2205 1099 2283 nutritionis,
1123 2210 1185 2273 vel
1212 2229 1300 2276 eam

244 2311 421 2399 protinus
443 2331 521 2375 non
542 2301 675 2374 laedat
693 2309 948 2374 functionem.
972 2307 1073 2390 Quia
1095 2297 1299 2394 praeterea

220 2411 223 2422 ’
246 2418 403 2484 eaedem
418 2417 620 2503 organicae
637 2418 855 2482 functiones
880 2438 949 2502 pro
971 2419 1298 2499 rationaaetatis,

246 2543 377 2598 sexus,
399 2522 505 2585 vitae
536 2521 725 2600 rationis,
750 2521 942 2600 climatis,
963 2522 1058 2586 anni
1086 2525 1297 2608 temporis,

245 2626 539 2692 constitutionis
560 2633 598 2690 et
616 2627 925 2709 ⁴temperamenti
943 2628 1158 2710 plurimum
1184 2628 1297 2694 diffe-

244 2734 358 2806 runt,
385 2727 550 2806 nutritio
574 2721 718 2814 quoque
740 2747 807 2814 per
836 2727 1077 2796 conditiones
1100 2749 1162 2794 eas
1187 2729 1298 2795 diffe-

243 2851 329 2898 rens
348 2828 459 2896 reddi
482 2829 609 2894 dehet.

328 2976 429 3060 Quia
452 2976 615 3060 denique
635 2975 794 3060 energia
817 2975 950 3043 vitalis
969 2975 1157 3042 materiae
1182 2994 1294 3060 orga-

208 3101 220 3134 ν
244 3078 355 3144 nicae
377 3078 681 3142 destructionem
710 3087 936 3165 promovet,
956 3079 1112 3166 eiusque
1138 3071 1295 3162 permu‘·

242 3183 433 3248 tationem
459 3183 647 3272 accelerat
669 3181 720 3265 (§.
743 3186 856 3266 noa),
880 3183 1128 3250 functionum
1152 3183 1295 3248 exerci-

242 3285 326 3365 tio,
351 3283 399 3347 ad
433 3296 579 3350 certum
603 3285 766 3369 gradum
793 3286 966 3366 intenso,
984 3289 1151 3353 nutritio
1178 3303 1294 3368 auge·

242 3393 329 3464 tur;
361 3388 594 3470 deprimitur
623 3409 714 3453 vero
742 3409 811 3472 per
842 3377 1292 3464 exercitium'nimium‚

243 3509 390 3578 perque
407 3490 606 3558 inertiam·

688 3685 718 3802 §f
762 3688 837 3755 404·

376 3855 630 3941 Quomodo
667 3818 904 3924 nutritio
938 3857 1158 3924 accidet.

215 3997 220 4006 ’
319 4001 374 4065 Ex
396 3999 445 4066 iis
454 4019 572 4088 ‚quae
589 4003 744 4084 saepius
765 4001 842 4086 jam
867 3999 1132 4084 praecepimus
1145 3996 1288 4084 ‚adpa-

238 4110 320 4182 πεῖ,
342 4110 518 4190 quemvis
548 4110 720 4190 organici
753 4109 924 4191 corporis
949 4113 1099 4191 partem
1127 4107 1288 4172 relatio·

239 4230 330 4276 nem
350 4209 492 4275 habere
514 4211 561 4282 ad
592 4212 856 4297 organismum
885 4213 1130 4286 universum,
1155 4215 1290 4298 quate·

239 4329 309 4382 nus
330 4329 486 4378 munere
505 4313 685 4402 iungitur
703 4315 911 4403 peculiari,
932 4323 1119 4396 suamque
1139 4313 1291 4382 confert
