2898 4992
448 381 555 454 seor.
574 381 605 456 1.
626 381 685 450 Du
708 395 844 452 coanr.
962 379 965 386 '
1112 389 1178 472 lag

131 529 360 600 undulatam
385 529 529 598 format
547 529 715 607 lineam,
740 529 1051 600 continuatoris
1073 537 1176 596 arte·

130 639 235 704 riam
263 637 406 720 ipsam,
436 638 653 722 formatque
683 637 805 720 plicas
834 641 933 712 tres,
957 657 1053 722 quaa
1073 638 1177 701 vall·
1207 695 1209 698 .

129 743 280 808 vulae
312 727 649 806 semilu'nares
672 740 926 824 dicunturu).
950 741 1083 822 Margo
1105 743 1176 804 ha-

131 865 220 910 rum
240 844 480 908 valvularum
504 841 621 919 fixus,
635 862 698 908 cor
720 841 952 923 respiciens,
969 841 1175 910 dimidium

130 935 289 1012 exliibet
310 945 629 1022 circulum31iher
662 951 791 1010 autem
816 961 969 1028 margo,
988 945 1174 1014 arteriam

131 1057 329 1135 spectans,
353 1049 590 1114 duriusculus
623 1055 660 1114 et
688 1049 854 1112 crassior
885 1053 943 1122 ast
957 1088 967 1123 ,
990 1045 1177 1119 nudulum

131 1172 264 1239 gerens
286 1155 327 1218 in
351 1151 476 1218 medio
505 1151 769 1216 lantiformem
790 1157 828 1214 et
848 1135 1170 1236 cartilagineum',
1192 1165 1196 1176 ‘

30 1243 37 1255 ¹
96 1251 101 1278 ”
129 1277 208 1330 non
231 1259 384 1344 quidem
413 1259 470 1322 ita
500 1263 769 1334 constantem,
791 1262 835 1321 ut
859 1257 901 1321 in
930 1263 1063 1321 aortae
1087 1253 1168 1322 val·

128 1363 232 1429 vulis
257 1370 314 1428 est
335 1361 567 1446 (nodulus
591 1359 830 1446 Arantii),
850 1362 1050 1446 ipsumque
1072 1379 1175 1425 mar·

128 1469 260 1555 ginem
279 1467 319 1531 in
339 1467 430 1530 duas
451 1466 702 1530 semiluuaras
723 1465 913 1530 excisuras
935 1463 1175 1529 dividentem

128 1574 192 1658 x).
227 1571 449 1636 Admittunt
470 1569 720 1638 semilunares
740 1567 920 1634 valvulae
946 1567 1174 1654 sanguinem

130 1695 151 1748 e
173 1674 384 1738 ventriculo
406 1674 446 1736 in
464 1673 728 1757 pulmonalem
749 1673 958 1753 arteriam,
980 1673 1046 1758 qui
1064 1671 1175 1737 corda

129 1759 329 1844 contracto
353 1775 460 1840 cunei
479 1775 602 1841 instar
620 1795 682 1839 eas
702 1775 890 1858 pervadit,
901 1781 939 1840 et
959 1777 1175 1860 marginem

131 1877 298 1944 liborum
334 1879 497 1943 arteriae
528 1877 743 1962 parietibus
772 1875 969 1962 adplicat;
990 1879 1171 1943 redeunti

132 1987 263 2047 autem
299 1983 477 2057 humori,
514 2001 598 2045 cum
636 1981 683 2052 ab
723 1982 869 2046 arteria
905 1988 1174 2056 removentur,

132 2084 341 2170 boreaeque
365 2085 406 2148 in
437 2083 593 2152 modum
621 2083 903 2164 intumescunt,
926 2091 965 2149 et
984 2083 1033 2148 ad
1054 2105 1093 2147 sa
1115 2083 1172 2148 in,

132 2185 257 2250 vicem
278 2185 488 2258 adradunt,
511 2203 665 2252 omnem
696 2185 952 2268 praecludunt
980 2186 1110 2262 viam,
1131 2191 1175 2254 ut

130 2285 230 2350 adeo
253 2308 321 2352 nes
351 2305 476 2350 ceram
507 2285 548 2350 in
581 2285 763 2350 cadavere
791 2309 835 2350 ex
865 2307 974 2351 ramo
1007 2289 1176 2352 arterias

129 2391 367 2478 pulmonalis
389 2391 619 2476 impulsam,
640 2410 708 2466 nec
733 2395 861 2463 adrem
881 2392 1062 2457 inflatum
1083 2415 1175 2458 van-¹

131 2493 316 2560 triculum
336 2497 464 2562 subire
485 2493 614 2560 videas
630 2498 693 2580 y).
725 2497 876 2580 Augant
897 2487 1033 2562 aarum
1055 2496 1174 2578 plicae

128 2615 219 2670 rum
243 2597 342 2661 vires
374 2597 551 2684 physicas
582 2596 707 2661 fibrae
735 2595 980 2680 splendidae,
1000 2601 1172 2678 tenaces,

130 2695 368 2774 tendineae,
397 2705 637 2764 transversae
666 2700 915 2783 plerumque,
942 2719 1053 2782 saepe
1085 2698 1170 2782 pala

129 2803 260 2876 mutae
271 2843 283 2880 ,
301 2799 343 2864 in
361 2801 518 2876 homine
540 2801 670 2871 adulto
700 2801 905 2884 praecipue
935 2800 1172 2886 conspicuae,

407 2979 464 3050 lll,
484 2979 605 3038 Sinus
630 2973 893 3068 pulmonalis.

217 3148 391 3231 Quatuor
433 3171 619 3245 venarum
652 3139 939 3238 pulmonalium
972 3173 1172 3244 congressu

131 3269 175 3316 ac
195 3249 426 3328 dilatatione
445 3255 549 3319 sinus
567 3255 641 3320 iste
653 3301 664 3332 ,
678 3260 749 3342 qui·
764 3259 881 3323 etiam
902 3279 988 3342 pos
1002 3260 1170 3334 terior

130 3377 161 3422 s.
181 3357 405 3429 sinister
428 3357 592 3438 dicitur,
611 3361 801 3427 formatur
811 3403 821 3438 ,
841 3361 1047 3448 posteriori
1065 3365 1170 3428 sinus

129 3478 317 3524 venarum
336 3478 515 3532 cavarum
534 3461 638 3544 parti
659 3463 828 3542 adfixus,
849 3484 1008 3554 cumque
1027 3467 1172 3534 ventri,

132 3565 220 3630 culo
259 3563 403 3635 cortice
441 3567 682 3646 cohaerens,
712 3568 871 3640 sinistra
903 3579 941 3636 et
971 3571 1169 3656 superiore

85 3659 89 3670 '
130 3669 243 3750 parte
274 3665 315 3729 in
347 3667 558 3740 auriculam
580 3669 787 3753 productus
822 3671 876 3759 a).
908 3671 1050 3757 Figura
1069 3671 1171 3750 ejus,

131 3768 166 3834 si
188 3768 362 3832 auricula
381 3769 582 3854 dematur,
599 3766 678 3839 ler'e
694 3775 874 3842 cuboidea
894 3783 969 3851 est,
984 3775 1081 3850 facie
1101 3795 1172 3856 poa

134 3869 296 3944 steriore
326 3869 438 3936 lineis
471 3881 635 3959 quatuor
658 3879 831 3954 ¹arcuatis
871 3875 1171 3960 circumscripta.

134 3973 381 4054 Auricula
417 3975 654 4063 triangulam
692 3981 848 4044 exhibet
878 3977 1072 4064 figuram,
1104 3977 1168 4048 bis.

133 4079 202 4138 aut
229 4079 290 4138 ter
313 4079 532 4160 serpentino
554 4081 666 4149 modo
695 4083 833 4150 flexam
846 4127 856 4162 ,
877 4083 1082 4164 crispatam
1105 4083 1168 4145 vel

129 4178 340 4256 sulcatam,
372 4179 479 4264 apice
505 4189 725 4258 antrorsum
757 4195 795 4252 et
823 4204 961 4272 parum
990 4183 1168 4264 deorsum

120 4303 297 4374 ¹versam,
329 4285 395 4353 Est
412 4286 455 4356 id
474 4287 625 4366 atrium¹
648 4289 804 4371 dextro,
824 4295 869 4354 ut
889 4289 1053 4360 diximus
1064 4332 1077 4367 ,
1100 4307 1167 4354 an·.
