2956 4996
471 135 485 170 l

218 257 223 274 t
871 227 879 274 ι

284 327 349 396 208
433 305 852 394 bre.1.0ar.111.Dr
880 325 1195 392 urseratrrors.
1231 331 1236 338 '

290 469 381 532 sunt
400 459 515 545 hujus
537 461 732 544 margines
753 455 933 526 laterales
959 468 1184 546 crassiores,
1206 476 1357 539 rotun.¹

213 583 215 597 ·
291 569 399 648 dati,
417 557 456 630 et
482 565 630 632 habent
658 566 791 629 foveas
821 567 1050 634 articulares
1081 553 1171 649 sexi
1196 583 1344 663 costas,

291 671 499 755 secundam
532 689 650 754 usque
687 669 925 752 septimam,
953 675 1199 756 excipientes.
1248 685 1344 750 Cum

283 780 404 867 'hujus
424 775 600 859 margine
618 775 804 838 inferiore
824 775 964 838 infima
985 764 1108 844 sterni
1127 801 1215 866 pars
1234 783 1344 869 (pro.

293 881 416 946 cessus
434 877 681 968 ensisormis)
695 867 899 958 nectitur,
923 879 990 963 qui
1018 882 1156 948 infimo
1189 883 1272 950 loco
1296 891 1342 956 in

292 986 445 1070 apicem
464 981 632 1045 excurrit
655 979 860 1058 obtusum,
882 981 1181 1068 cartilagineum
1200 992 1338 1070 pluri-

291 1088 400 1161 'mum
432 1085 742 1170 (cartilaginem
779 1083 1027 1167 xiphoideam
1041 1091 1083 1174 ),
1112 1083 1342 1174 ligamentis

291 1191 554 1279 peculieribus
586 1209 676 1284 cum.
703 1187 1002 1274 cartilaginibus
1035 1178 1193 1276 septimi
1215 1208 1342 1276 costa„-

228 1327 232 1334 ·
289 1296 501 1380 rumperis
521 1295 737 1361 firmatum.
761 1299 803 1360 In
825 1299 981 1362 senibus
1005 1300 1224 1382 praedictae
1247 1307 1345 1370 ossis

188 1391 190 1400 ’
290 1390 413 1476 sterni
433 1405 568 1485 partes
587 1401 629 1462 in
658 1409 780 1469 unum
802 1420 913 1484 saepe
947 1395 1346 1494 coalescun‡t‚estque

215 1535 221 1560 r
291 1513 422 1574 totum
449 1505 491 1570 id
518 1526 588 1579 os,
612 1505 774 1591 inferior
804 1507 1009 1591 praecipue
1041 1524 1155 1590 pars,
1180 1511 1361 1590 diversis,

221 1701 225 1714 1
263 1647 272 1670 ι
290 1613 528 1692 obnoxium,
548 1611 670 1674 relate
691 1611 738 1674 ad
765 1609 933 1694 figuram
956 1620 994 1676 et
1014 1615 1345 1702 amplitudinem,

293 1715 568 1783 varietatibus.

247 1839 250 1844 ¹
348 1919 350 1922 ,
377 1857 517 1922 Latera
545 1854 716 1919 thoracis
749 1863 921 1950 costae
953 1850 1153 1938 efficiunt,
1176 1855 1342 1946 quarum

295 1960 501 2027 duodecim
528 1953 714 2045 utrinque
736 1965 838 2024 sunt.
871 1947 1073 2026 Differunt‘
1091 1981 1197 2027 arcus
1223 1967 1265 2030 hi
1288 1989 1349 2031 os·

200 2125 204 2134 .
296 2066 353 2130 sei
390 2047 1082 2152 nexu,longitudinepcurvatione
1109 2109 1120 2142 ‚
1150 2069 1274 2147 positu
1309 2069 1351 2133 et

293 2160 534 2234 mobilitate.
579 2168 732 2249 Septem
775 2166 879 2230 enim
924 2163 1051 2232 costae
1097 2170 1348 2252 superiores,

297 2269 899 2336 sterno-vertebraless.
923 2261 1350 2352 verae=dictae,fine

295 2374 512 2458 posteriore
532 2391 618 2436 cum
638 2365 1101 2447 columnsverte'brarum
1116 2421 1126 2454 ,
1144 2381 1259 2459 atque
1279 2393 1351 2438 an·

296 2477 444 2543 teriora
473 2495 562 2542 cum
598 2483 679 2538 osse
709 2473 831 2542 sterni
865 2472 1101 2566 junguntur:
1128 2464 1347 2558 capitulum

297 2581 441 2668 quippe
473 2577 679 2644 articulare
697 2599 720 2640 a
740 2578 855 2640 fovea
876 2589 1087 2661 corporum
1110 2569 1341 2644 vertebrali·

300 2705 368 2750 um
389 2683 601 2766 recipitur,
622 2685 662 2744 et
691 2677 1116 2770 ligamen'to'capsulari
1145 2679 1351 2769 firmatum

297 2788 590 2852 collumcostae
610 2782 835 2866 ligamentis
861 2783 1029 2859 duobus,
1052 2791 1208 2852 externo
1230 2791 1268 2850 et
1287 2787 1353 2848 in·

242 2963 245 2970 ,
298 2898 433 2964 terno,
453 2886 695 2972 processibus
726 2885 957 2950 transversis
988 2888 1255 2952 vertebrarum
1290 2889 1354 2951 vi·

300 2995 481 3060 cinerum
515 2993 702 3076 alligatur
720 2997 894 3076 ,estque
924 2993 1123 3058 tuberculo
1155 2993 1350 3076 peculiari

300 3098 559 3168 instructum,
584 3094 686 3180 quod
719 3083 938 3158 facisculae
960 3096 1164 3159 articulari
1196 3117 1353 3178 proces·

261 3209 265 3220 ’
300 3187 365 3264 aus
387 3195 601 3262 transversi
626 3198 900 3260 committitur.
931 3197 1124 3262 Posterior
1147 3203 1350 3287 costarum

301 3301 605 3386 pars,maxime
637 3307 817 3390 curuata,
850 3303 891 3365 in
924 3303 1143 3384 planiorem
1174 3303 1350 3392 ¹excurrit

250 3413 253 3423 '
300 3403 538 3469 anteriorem
557 3425 712 3479 arcum,
731 3404 797 3490 qui
820 3412 991 3470 extremo
1012 3425 1079 3468 suo
1104 3405 1255 3469 foveam
1282 3423 1350 3488 ge·

302 3509 376 3582 rit,
399 3508 671 3592 cartilaginem
692 3507 966 3589 recipientem,
988 3527 1074 3573 oum
1099 3513 1227 3572 sterno
1251 3507 1353 3572 arti·

301 3613 467 3679 culatim
501 3612 687 3696 junctam·
731 3613 865 3690 costae
906 3613 1110 3678 inferiores
1149 3609 1354 3700 quinque,

300 3718 634 3784 vertebrales
657 3737 685 3780 s.
709 3716 1184 3799 spuriaodictae‚non
1207 3715 1354 3799 ampli·

302 3843 347 3886 us
370 3807 455 3888 cum
478 3825 608 3889 sterno
632 3818 865 3903 junguntur,
885 3820 1076 3905 siquidem
1098 3821 1355 3922 cartilagines

230 4007 231 4012 ἵ
300 3945 460 4010 earum,
482 3929 526 3986 ut
548 3922 588 3984 in
619 3929 780 3996 octava,
803 3943 909 3988 nona
933 3929 971 3986 et
994 3920 1151 3988 ‘decima
1183 3930 1262 4000 est,
1286 3941 1356 3988 ar·
1463 3915 1464 3922 '

299 4049 390 4093 cum
422 4010 791 4093 descrihendofeum
817 4025 1045 4110 cartilagine
1071 4033 1205 4096 costae
1236 4039 1354 4108 supe·

299 4133 416 4198 rioris
436 4133 477 4195 in
497 4147 615 4192 unam
637 4129 834 4196 confluant
853 4131 1019 4194 massam
1032 4171 1043 4204 ,
1058 4129 1156 4196 duae
1176 4149 1266 4193 vero
1289 4127 1360 4194 in-

298 4237 417 4302 timae
440 4229 671 4320 cartilagine
691 4229 802 4310 brevi
825 4235 869 4300 in
888 4231 1070 4320 musculis
1093 4231 1287 4308 desinant.

1255 4331 1363 4402 Lon·

880 4486 900 4529 A
