<?xml version="1.0" encoding="UTF-8"?>
<!DOCTYPE html PUBLIC "-//W3C//DTD XHTML 1.0 Transitional//EN"
    "http://www.w3.org/TR/xhtml1/DTD/xhtml1-transitional.dtd">
<html xmlns="http://www.w3.org/1999/xhtml" xml:lang="en" lang="en">
 <head>
  <title>
</title>
<meta http-equiv="Content-Type" content="text/html;charset=utf-8" />
  <meta name='ocr-system' content='tesseract 3.04.00' />
  <meta name='ocr-capabilities' content='ocr_page ocr_carea ocr_par ocr_line ocrx_word'/>
</head>
<body>
  <div class='ocr_page' id='page_1' title='image "./physiologiamedi03lenhgoog_0423.png"; bbox 0 0 2898 4992; ppageno 0'>
   <div class='ocr_carea' id='block_1_1' title="bbox 250 311 1212 436">
    <p class='ocr_par' dir='ltr' id='par_1_1' title="bbox 250 311 1212 436">
     <span class='ocr_line' id='line_1_1' title="bbox 250 311 1212 436; baseline -0.01 -17"><span class='ocrx_word' id='word_1_1' title='bbox 250 351 313 436; x_wconf 69' lang='lat'><strong>436</strong></span> <span class='ocrx_word' id='word_1_2' title='bbox 354 344 442 416; x_wconf 81' lang='lat' dir='ltr'><strong>Lis.</strong></span> <span class='ocrx_word' id='word_1_3' title='bbox 464 345 495 410; x_wconf 84' lang='lat'><strong>1.</strong></span> <span class='ocrx_word' id='word_1_4' title='bbox 515 346 609 410; x_wconf 75' lang='lat' dir='ltr'><strong>cir.</strong></span> <span class='ocrx_word' id='word_1_5' title='bbox 629 311 758 409; x_wconf 61' lang='lat' dir='ltr'><strong>vius</strong></span> <span class='ocrx_word' id='word_1_6' title='bbox 777 351 1212 432; x_wconf 74' lang='lat' dir='ltr'><strong>oracurru-ssscunirs.</strong></span> 
     </span>
    </p>
   </div>
   <div class='ocr_carea' id='block_1_2' title="bbox 250 488 1298 676">
    <p class='ocr_par' dir='ltr' id='par_1_2' title="bbox 250 488 1298 676">
     <span class='ocr_line' id='line_1_2' title="bbox 250 488 1298 583; baseline -0.006 -21"><span class='ocrx_word' id='word_1_7' title='bbox 250 496 358 583; x_wconf 87' lang='lat' dir='ltr'><strong>poris</strong></span> <span class='ocrx_word' id='word_1_8' title='bbox 391 497 543 577; x_wconf 82' lang='lat' dir='ltr'><strong>partem</strong></span> <span class='ocrx_word' id='word_1_9' title='bbox 577 490 808 569; x_wconf 86' lang='lat' dir='ltr'><strong>collocatur,</strong></span> <span class='ocrx_word' id='word_1_10' title='bbox 839 489 939 554; x_wconf 84' lang='lat' dir='ltr'><strong>facie</strong></span> <span class='ocrx_word' id='word_1_11' title='bbox 964 488 1149 556; x_wconf 83' lang='lat' dir='ltr'><strong>inferiore</strong></span> <span class='ocrx_word' id='word_1_12' title='bbox 1170 491 1298 556; x_wconf 88' lang='lat' dir='ltr'><strong>medio</strong></span> 
     </span>
     <span class='ocr_line' id='line_1_3' title="bbox 252 593 1298 676; baseline -0.006 -14"><span class='ocrx_word' id='word_1_13' title='bbox 252 599 481 668; x_wconf 80' lang='lat' dir='ltr'><strong>incumbens</strong></span> <span class='ocrx_word' id='word_1_14' title='bbox 504 601 655 669; x_wconf 85' lang='lat' dir='ltr'><strong>sterno,</strong></span> <span class='ocrx_word' id='word_1_15' title='bbox 677 594 786 676; x_wconf 83' lang='lat' dir='ltr'><strong>apice</strong></span> <span class='ocrx_word' id='word_1_16' title='bbox 797 639 808 670; x_wconf 94' lang='lat'><strong>,</strong></span> <span class='ocrx_word' id='word_1_17' title='bbox 831 599 874 658; x_wconf 89' lang='lat' dir='ltr'><strong>ut</strong></span> <span class='ocrx_word' id='word_1_18' title='bbox 902 593 942 656; x_wconf 92' lang='lat' dir='ltr'><strong>in</strong></span> <span class='ocrx_word' id='word_1_19' title='bbox 971 593 1097 656; x_wconf 84' lang='lat' dir='ltr'><strong>simiis</strong></span> <span class='ocrx_word' id='word_1_20' title='bbox 1118 600 1196 670; x_wconf 88' lang='lat' dir='ltr'><strong>est,</strong></span> <span class='ocrx_word' id='word_1_21' title='bbox 1214 594 1298 657; x_wconf 83' lang='lat' dir='ltr'><strong>dia-</strong></span> 
     </span>
    </p>
   </div>
   <div class='ocr_carea' id='block_1_3' title="bbox 144 693 1299 786">
    <p class='ocr_par' dir='ltr' id='par_1_3' title="bbox 144 693 1299 786">
     <span class='ocr_line' id='line_1_4' title="bbox 144 693 1299 786; baseline -0.01 -17"><span class='ocrx_word' id='word_1_22' title='bbox 144 739 147 745; x_wconf 75' lang='lat'><strong>,</strong></span> <span class='ocrx_word' id='word_1_23' title='bbox 254 705 446 786; x_wconf 86' lang='lat' dir='ltr'><strong>phragma</strong></span> <span class='ocrx_word' id='word_1_24' title='bbox 476 697 724 780; x_wconf 86' lang='lat' dir='ltr'><strong>contingens,</strong></span> <span class='ocrx_word' id='word_1_25' title='bbox 751 693 792 758; x_wconf 90' lang='lat' dir='ltr'><strong>in</strong></span> <span class='ocrx_word' id='word_1_26' title='bbox 816 694 904 758; x_wconf 87' lang='lat' dir='ltr'><strong>aliis</strong></span> <span class='ocrx_word' id='word_1_27' title='bbox 928 715 1017 758; x_wconf 89' lang='lat' dir='ltr'><strong>vero</strong></span> <span class='ocrx_word' id='word_1_28' title='bbox 1047 695 1173 759; x_wconf 88' lang='lat' dir='ltr'><strong>brutis</strong></span> <span class='ocrx_word' id='word_1_29' title='bbox 1195 717 1218 758; x_wconf 90' lang='lat' dir='ltr'><strong>a</strong></span> <span class='ocrx_word' id='word_1_30' title='bbox 1240 719 1299 759; x_wconf 82' lang='lat' dir='ltr'><strong>se-</strong></span> 
     </span>
    </p>
   </div>
   <div class='ocr_carea' id='block_1_4' title="bbox 154 796 1312 2432">
    <p class='ocr_par' dir='ltr' id='par_1_4' title="bbox 154 796 1312 2432">
     <span class='ocr_line' id='line_1_5' title="bbox 253 796 1300 890; baseline -0.005 -21"><span class='ocrx_word' id='word_1_31' title='bbox 253 811 322 890; x_wconf 91' lang='lat' dir='ltr'><strong>pto</strong></span> <span class='ocrx_word' id='word_1_32' title='bbox 354 811 574 868; x_wconf 83' lang='lat' dir='ltr'><strong>transverso</strong></span> <span class='ocrx_word' id='word_1_33' title='bbox 604 806 809 865; x_wconf 89' lang='lat' dir='ltr'><strong>remotum.</strong></span> <span class='ocrx_word' id='word_1_34' title='bbox 841 799 1025 867; x_wconf 86' lang='lat' dir='ltr'><strong>Foramen</strong></span> <span class='ocrx_word' id='word_1_35' title='bbox 1058 800 1169 864; x_wconf 85' lang='lat' dir='ltr'><strong>ovele</strong></span> <span class='ocrx_word' id='word_1_36' title='bbox 1199 796 1300 884; x_wconf 82' lang='lat' dir='ltr'>septi</span> 
     </span>
     <span class='ocr_line' id='line_1_6' title="bbox 255 889 1302 986; baseline -0.004 -14"><span class='ocrx_word' id='word_1_37' title='bbox 255 909 446 972; x_wconf 81' lang='lat' dir='ltr'><strong>atriorum</strong></span> <span class='ocrx_word' id='word_1_38' title='bbox 467 906 509 968; x_wconf 89' lang='lat' dir='ltr'><strong>in</strong></span> <span class='ocrx_word' id='word_1_39' title='bbox 529 906 803 968; x_wconf 86' lang='lat' dir='ltr'><strong>mammalibus</strong></span> <span class='ocrx_word' id='word_1_40' title='bbox 826 924 849 966; x_wconf 92' lang='lat' dir='ltr'><strong>a</strong></span> <span class='ocrx_word' id='word_1_41' title='bbox 874 909 988 986; x_wconf 86' lang='lat' dir='ltr'><strong>partu</strong></span> <span class='ocrx_word' id='word_1_42' title='bbox 1000 925 1101 982; x_wconf 88' lang='lat' dir='ltr'><strong>,una</strong></span> <span class='ocrx_word' id='word_1_43' title='bbox 1123 925 1209 968; x_wconf 86' lang='lat' dir='ltr'><strong>cum</strong></span> <span class='ocrx_word' id='word_1_44' title='bbox 1231 889 1302 970; x_wconf 72' lang='lat' dir='ltr'><strong>du&#39;·</strong></span> 
     </span>
     <span class='ocr_line' id='line_1_7' title="bbox 257 997 1302 1090; baseline -0.006 -16"><span class='ocrx_word' id='word_1_45' title='bbox 257 1019 321 1076; x_wconf 88' lang='lat' dir='ltr'><strong>ctu</strong></span> <span class='ocrx_word' id='word_1_46' title='bbox 341 997 528 1074; x_wconf 87' lang='lat' dir='ltr'><strong>arterioso</strong></span> <span class='ocrx_word' id='word_1_47' title='bbox 552 1023 700 1090; x_wconf 90' lang='lat' dir='ltr'><strong>quoque</strong></span> <span class='ocrx_word' id='word_1_48' title='bbox 721 1003 938 1080; x_wconf 87' lang='lat' dir='ltr'><strong>clauditur,</strong></span> <span class='ocrx_word' id='word_1_49' title='bbox 952 1024 1000 1066; x_wconf 90' lang='lat' dir='ltr'><strong>ne</strong></span> <span class='ocrx_word' id='word_1_50' title='bbox 1020 1004 1172 1089; x_wconf 89' lang='lat' dir='ltr'><strong>quidem</strong></span> <span class='ocrx_word' id='word_1_51' title='bbox 1195 1012 1302 1069; x_wconf 84' lang='lat' dir='ltr'><strong>ceta·</strong></span> 
     </span>
     <span class='ocr_line' id='line_1_8' title="bbox 257 1109 1301 1194; baseline -0.009 -13"><span class='ocrx_word' id='word_1_52' title='bbox 257 1117 334 1182; x_wconf 85' lang='lat' dir='ltr'><strong>cais</strong></span> <span class='ocrx_word' id='word_1_53' title='bbox 355 1112 522 1194; x_wconf 86' lang='lat' dir='ltr'><strong>exceptis</strong></span> <span class='ocrx_word' id='word_1_54' title='bbox 550 1116 587 1173; x_wconf 90' lang='lat' dir='ltr'><strong>et</strong></span> <span class='ocrx_word' id='word_1_55' title='bbox 620 1111 691 1184; x_wconf 89' lang='lat' dir='ltr'><strong>iis,</strong></span> <span class='ocrx_word' id='word_1_56' title='bbox 715 1127 810 1192; x_wconf 88' lang='lat' dir='ltr'><strong>quae</strong></span> <span class='ocrx_word' id='word_1_57' title='bbox 838 1109 949 1192; x_wconf 86' lang='lat' dir='ltr'><strong>aquis</strong></span> <span class='ocrx_word' id='word_1_58' title='bbox 979 1129 1093 1191; x_wconf 81' lang='lat' dir='ltr'>saepe</span> <span class='ocrx_word' id='word_1_59' title='bbox 1121 1128 1301 1192; x_wconf 86' lang='lat' dir='ltr'><strong>mergun-</strong></span> 
     </span>
     <span class='ocr_line' id='line_1_9' title="bbox 256 1210 1302 1296; baseline -0.009 -12"><span class='ocrx_word' id='word_1_60' title='bbox 256 1227 321 1285; x_wconf 86' lang='lat' dir='ltr'><strong>tur</strong></span> <span class='ocrx_word' id='word_1_61' title='bbox 333 1262 343 1296; x_wconf 90' lang='lat'><strong>,</strong></span> <span class='ocrx_word' id='word_1_62' title='bbox 364 1217 456 1279; x_wconf 88' lang='lat' dir='ltr'><strong>licet</strong></span> <span class='ocrx_word' id='word_1_63' title='bbox 476 1217 652 1295; x_wconf 85' lang='lat' dir='ltr'><strong>apertum</strong></span> <span class='ocrx_word' id='word_1_64' title='bbox 684 1218 986 1293; x_wconf 75' lang='lat' dir='ltr'><strong>nonnunquam,</strong></span> <span class='ocrx_word' id='word_1_65' title='bbox 1004 1213 1049 1272; x_wconf 90' lang='lat' dir='ltr'><strong>ut</strong></span> <span class='ocrx_word' id='word_1_66' title='bbox 1070 1211 1112 1272; x_wconf 88' lang='lat' dir='ltr'><strong>in</strong></span> <span class='ocrx_word' id='word_1_67' title='bbox 1142 1210 1302 1276; x_wconf 86' lang='lat' dir='ltr'><strong>bomine</strong></span> 
     </span>
     <span class='ocr_line' id='line_1_10' title="bbox 261 1307 1304 1398; baseline -0.009 -13"><span class='ocrx_word' id='word_1_68' title='bbox 261 1322 383 1386; x_wconf 85' lang='lat' dir='ltr'><strong>etiam</strong></span> <span class='ocrx_word' id='word_1_69' title='bbox 409 1323 465 1380; x_wconf 85' lang='lat' dir='ltr'><strong>est</strong></span> <span class='ocrx_word' id='word_1_70' title='bbox 494 1316 554 1398; x_wconf 87' lang='lat'><strong>(§.</strong></span> <span class='ocrx_word' id='word_1_71' title='bbox 574 1321 650 1394; x_wconf 85' lang='lat'><strong>387.</strong></span> <span class='ocrx_word' id='word_1_72' title='bbox 673 1313 771 1396; x_wconf 91' lang='grc' dir='ltr'>ΙΙΙ.)</span> <span class='ocrx_word' id='word_1_73' title='bbox 784 1355 795 1388; x_wconf 90' lang='grc'><strong><em>,</em></strong></span> <span class='ocrx_word' id='word_1_74' title='bbox 820 1307 945 1375; x_wconf 85' lang='lat' dir='ltr'><strong>rarius</strong></span> <span class='ocrx_word' id='word_1_75' title='bbox 971 1312 1197 1379; x_wconf 84' lang='lat' dir='ltr'><strong>inveniatur</strong></span> <span class='ocrx_word' id='word_1_76' title='bbox 1226 1315 1304 1398; x_wconf 68' lang='lat'><strong>⁴¹³).</strong></span> 
     </span>
     <span class='ocr_line' id='line_1_11' title="bbox 154 1414 1305 1505; baseline -0.008 -14"><span class='ocrx_word' id='word_1_77' title='bbox 154 1459 157 1466; x_wconf 38' lang='lat' dir='ltr'><em>v</em></span> <span class='ocrx_word' id='word_1_78' title='bbox 212 1493 214 1498; x_wconf 64' lang='grc'>,</span> <span class='ocrx_word' id='word_1_79' title='bbox 260 1424 426 1490; x_wconf 73' lang='lat' dir='ltr'><strong>valvula</strong></span> <span class='ocrx_word' id='word_1_80' title='bbox 459 1417 658 1484; x_wconf 79' lang='lat' dir='ltr'><strong>Eustachii</strong></span> <span class='ocrx_word' id='word_1_81' title='bbox 685 1437 804 1481; x_wconf 85' lang='lat' dir='ltr'><strong>venae</strong></span> <span class='ocrx_word' id='word_1_82' title='bbox 827 1435 942 1479; x_wconf 85' lang='lat' dir='ltr'><strong>cavae</strong></span> <span class='ocrx_word' id='word_1_83' title='bbox 965 1414 1186 1500; x_wconf 77' lang='lat' dir='ltr'><strong>inferioris,</strong></span> <span class='ocrx_word' id='word_1_84' title='bbox 1207 1438 1305 1505; x_wconf 85' lang='lat' dir='ltr'><strong>quae</strong></span> 
     </span>
     <span class='ocr_line' id='line_1_12' title="bbox 258 1507 1308 1612; baseline -0.006 -17"><span class='ocrx_word' id='word_1_85' title='bbox 258 1527 485 1612; x_wconf 81' lang='lat' dir='ltr'><strong>sanguinem</strong></span> <span class='ocrx_word' id='word_1_86' title='bbox 506 1524 584 1605; x_wconf 80' lang='lat' dir='ltr'><strong>ejus</strong></span> <span class='ocrx_word' id='word_1_87' title='bbox 604 1541 726 1587; x_wconf 87' lang='lat' dir='ltr'><strong>venae</strong></span> <span class='ocrx_word' id='word_1_88' title='bbox 748 1539 879 1586; x_wconf 84' lang='lat' dir='ltr'><strong>versus</strong></span> <span class='ocrx_word' id='word_1_89' title='bbox 899 1521 1077 1587; x_wconf 81' lang='lat' dir='ltr'><strong>foramen</strong></span> <span class='ocrx_word' id='word_1_90' title='bbox 1097 1507 1308 1602; x_wconf 66' lang='lat' dir='ltr'><strong>ovele,bel</strong></span> 
     </span>
     <span class='ocr_line' id='line_1_13' title="bbox 259 1623 1308 1708; baseline -0.006 -12"><span class='ocrx_word' id='word_1_91' title='bbox 259 1651 351 1696; x_wconf 86' lang='lat' dir='ltr'><strong>vero</strong></span> <span class='ocrx_word' id='word_1_92' title='bbox 376 1629 416 1691; x_wconf 92' lang='lat' dir='ltr'><strong>in</strong></span> <span class='ocrx_word' id='word_1_93' title='bbox 446 1628 576 1692; x_wconf 90' lang='lat' dir='ltr'><strong>sinum</strong></span> <span class='ocrx_word' id='word_1_94' title='bbox 605 1624 765 1708; x_wconf 76' lang='lat' dir='ltr'><strong>dirigit,</strong></span> <span class='ocrx_word' id='word_1_95' title='bbox 799 1623 997 1690; x_wconf 86' lang='lat' dir='ltr'><strong>nonnullis</strong></span> <span class='ocrx_word' id='word_1_96' title='bbox 1030 1627 1308 1695; x_wconf 85' lang='lat' dir='ltr'><strong>mammalibus</strong></span> 
     </span>
     <span class='ocr_line' id='line_1_14' title="bbox 260 1726 1309 1817; baseline 0.001 -22"><span class='ocrx_word' id='word_1_97' title='bbox 260 1732 415 1817; x_wconf 87' lang='lat' dir='ltr'><strong>penitus</strong></span> <span class='ocrx_word' id='word_1_98' title='bbox 448 1727 574 1804; x_wconf 80' lang='lat' dir='ltr'><strong>deest,</strong></span> <span class='ocrx_word' id='word_1_99' title='bbox 608 1733 646 1792; x_wconf 90' lang='lat' dir='ltr'><strong>et</strong></span> <span class='ocrx_word' id='word_1_100' title='bbox 668 1727 836 1790; x_wconf 87' lang='lat' dir='ltr'><strong>cernitur</strong></span> <span class='ocrx_word' id='word_1_101' title='bbox 864 1726 1049 1810; x_wconf 79' lang='lat' dir='ltr'><strong>grandior</strong></span> <span class='ocrx_word' id='word_1_102' title='bbox 1075 1728 1117 1792; x_wconf 89' lang='lat' dir='ltr'><strong>in</strong></span> <span class='ocrx_word' id='word_1_103' title='bbox 1148 1729 1309 1796; x_wconf 85' lang='lat' dir='ltr'><strong>cetaceis</strong></span> 
     </span>
     <span class='ocr_line' id='line_1_15' title="bbox 265 1827 1310 1942; baseline -0.005 -43"><span class='ocrx_word' id='word_1_104' title='bbox 265 1854 308 1899; x_wconf 89' lang='lat' dir='ltr'><strong>ac</strong></span> <span class='ocrx_word' id='word_1_105' title='bbox 330 1833 378 1895; x_wconf 87' lang='lat' dir='ltr'><strong>iis</strong></span> <span class='ocrx_word' id='word_1_106' title='bbox 393 1871 402 1905; x_wconf 92' lang='lat'>‚</span> <span class='ocrx_word' id='word_1_107' title='bbox 415 1850 512 1914; x_wconf 90' lang='lat' dir='ltr'><strong>quae</strong></span> <span class='ocrx_word' id='word_1_108' title='bbox 531 1827 640 1912; x_wconf 86' lang='lat' dir='ltr'><strong>aquis</strong></span> <span class='ocrx_word' id='word_1_109' title='bbox 661 1827 812 1911; x_wconf 87' lang='lat' dir='ltr'><strong>saepius</strong></span> <span class='ocrx_word' id='word_1_110' title='bbox 833 1831 1181 1912; x_wconf 79' lang='lat' dir='ltr'><strong>merguntur3solet</strong></span> <span class='ocrx_word' id='word_1_111' title='bbox 1198 1848 1310 1942; x_wconf 80' lang='lat' dir='ltr'><strong>prae·</strong></span> 
     </span>
     <span class='ocr_line' id='line_1_16' title="bbox 262 1930 1308 2024; baseline -0.003 -25"><span class='ocrx_word' id='word_1_112' title='bbox 262 1939 389 2010; x_wconf 87' lang='lat' dir='ltr'><strong>terea,</strong></span> <span class='ocrx_word' id='word_1_113' title='bbox 409 1939 453 1996; x_wconf 91' lang='lat' dir='ltr'><strong>ut</strong></span> <span class='ocrx_word' id='word_1_114' title='bbox 474 1933 641 2024; x_wconf 18' lang='lat' dir='ltr'><strong>MEcuEt(</strong></span> <span class='ocrx_word' id='word_1_115' title='bbox 666 1930 831 2014; x_wconf 85' lang='lat' dir='ltr'><strong>reperit,</strong></span> <span class='ocrx_word' id='word_1_116' title='bbox 856 1931 988 1996; x_wconf 86' lang='lat' dir='ltr'><strong>eadem</strong></span> <span class='ocrx_word' id='word_1_117' title='bbox 1009 1931 1169 1996; x_wconf 84' lang='lat' dir='ltr'><strong>valvula</strong></span> <span class='ocrx_word' id='word_1_118' title='bbox 1190 1951 1308 2017; x_wconf 82' lang='lat' dir='ltr'><strong>gran·</strong></span> 
     </span>
     <span class='ocr_line' id='line_1_17' title="bbox 264 2035 1310 2119; baseline -0.002 -15"><span class='ocrx_word' id='word_1_119' title='bbox 264 2041 325 2104; x_wconf 89' lang='lat' dir='ltr'><strong>dis</strong></span> <span class='ocrx_word' id='word_1_120' title='bbox 348 2044 387 2102; x_wconf 87' lang='lat' dir='ltr'><strong>et</strong></span> <span class='ocrx_word' id='word_1_121' title='bbox 408 2035 569 2100; x_wconf 88' lang='lat' dir='ltr'><strong>minime</strong></span> <span class='ocrx_word' id='word_1_122' title='bbox 587 2037 787 2119; x_wconf 82' lang='lat' dir='ltr'><strong>perforata</strong></span> <span class='ocrx_word' id='word_1_123' title='bbox 814 2043 899 2100; x_wconf 83' lang='lat' dir='ltr'><strong>rum</strong></span> <span class='ocrx_word' id='word_1_124' title='bbox 918 2057 1021 2117; x_wconf 86' lang='lat' dir='ltr'><strong>esse,</strong></span> <span class='ocrx_word' id='word_1_125' title='bbox 1040 2037 1108 2101; x_wconf 90' lang='lat' dir='ltr'><strong>ubi</strong></span> <span class='ocrx_word' id='word_1_126' title='bbox 1128 2039 1310 2102; x_wconf 84' lang='lat' dir='ltr'><strong>foramen</strong></span> 
     </span>
     <span class='ocr_line' id='line_1_18' title="bbox 263 2140 1311 2226; baseline 0.001 -23"><span class='ocrx_word' id='word_1_127' title='bbox 263 2143 374 2204; x_wconf 81' lang='lat' dir='ltr'><strong>ovele</strong></span> <span class='ocrx_word' id='word_1_128' title='bbox 395 2143 571 2222; x_wconf 73' lang='lat' dir='ltr'><strong>apertum</strong></span> <span class='ocrx_word' id='word_1_129' title='bbox 601 2146 756 2216; x_wconf 86' lang='lat' dir='ltr'><strong>manet,</strong></span> <span class='ocrx_word' id='word_1_130' title='bbox 777 2141 879 2225; x_wconf 89' lang='lat' dir='ltr'><strong>quod</strong></span> <span class='ocrx_word' id='word_1_131' title='bbox 905 2141 1067 2226; x_wconf 70' lang='lat' dir='ltr'><strong>&#39;quidem</strong></span> <span class='ocrx_word' id='word_1_132' title='bbox 1087 2141 1129 2205; x_wconf 90' lang='lat' dir='ltr'><strong>in</strong></span> <span class='ocrx_word' id='word_1_133' title='bbox 1149 2140 1311 2204; x_wconf 83' lang='lat' dir='ltr'><strong>homine</strong></span> 
     </span>
     <span class='ocr_line' id='line_1_19' title="bbox 265 2225 1312 2328; baseline 0.004 -22"><span class='ocrx_word' id='word_1_134' title='bbox 265 2246 414 2328; x_wconf 83' lang='lat' dir='ltr'><strong>pariter</strong></span> <span class='ocrx_word' id='word_1_135' title='bbox 453 2243 607 2307; x_wconf 88' lang='lat' dir='ltr'><strong>obtinet</strong></span> <span class='ocrx_word' id='word_1_136' title='bbox 637 2242 693 2326; x_wconf 89' lang='lat' dir='ltr'><strong>a).</strong></span> <span class='ocrx_word' id='word_1_137' title='bbox 735 2225 936 2325; x_wconf 79' lang='lat' dir='ltr'><strong>capacitas</strong></span> <span class='ocrx_word' id='word_1_138' title='bbox 974 2241 1078 2306; x_wconf 87' lang='lat' dir='ltr'><strong>sinus</strong></span> <span class='ocrx_word' id='word_1_139' title='bbox 1110 2240 1234 2308; x_wconf 80' lang='lat' dir='ltr'><strong>dextri</strong></span> <span class='ocrx_word' id='word_1_140' title='bbox 1266 2246 1312 2311; x_wconf 87' lang='lat' dir='ltr'><strong>in</strong></span> 
     </span>
     <span class='ocr_line' id='line_1_20' title="bbox 263 2330 1311 2432; baseline 0.003 -24"><span class='ocrx_word' id='word_1_141' title='bbox 263 2347 458 2432; x_wconf 84' lang='lat' dir='ltr'><strong>plerisque</strong></span> <span class='ocrx_word' id='word_1_142' title='bbox 477 2344 592 2423; x_wconf 76' lang='lat' dir='ltr'><strong>huius</strong></span> <span class='ocrx_word' id='word_1_143' title='bbox 624 2344 754 2408; x_wconf 80' lang='lat' dir='ltr'><strong>classis</strong></span> <span class='ocrx_word' id='word_1_144' title='bbox 785 2343 1021 2409; x_wconf 76' lang='lat' dir='ltr'><strong>animalibus</strong></span> <span class='ocrx_word' id='word_1_145' title='bbox 1044 2330 1166 2429; x_wconf 75' lang='lat' dir='ltr'><strong>major</strong></span> <span class='ocrx_word' id='word_1_146' title='bbox 1189 2351 1244 2410; x_wconf 87' lang='lat' dir='ltr'><strong>est</strong></span> <span class='ocrx_word' id='word_1_147' title='bbox 1265 2367 1311 2411; x_wconf 85' lang='lat' dir='ltr'><strong>ac</strong></span> 
     </span>
    </p>
   </div>
   <div class='ocr_carea' id='block_1_5' title="bbox 264 2445 1317 2633">
    <p class='ocr_par' dir='ltr' id='par_1_5' title="bbox 264 2445 1317 2633">
     <span class='ocr_line' id='line_1_21' title="bbox 265 2445 1317 2545; baseline 0.001 -33"><span class='ocrx_word' id='word_1_148' title='bbox 265 2447 428 2512; x_wconf 87' lang='lat' dir='ltr'><strong>sinistri.</strong></span> <span class='ocrx_word' id='word_1_149' title='bbox 450 2447 664 2510; x_wconf 80' lang='lat' dir='ltr'><strong>ventriculi</strong></span> <span class='ocrx_word' id='word_1_150' title='bbox 680 2445 806 2545; x_wconf 84' lang='lat' dir='ltr'><strong>cordis</strong></span> <span class='ocrx_word' id='word_1_151' title='bbox 826 2447 953 2512; x_wconf 88' lang='lat' dir='ltr'><strong>nullas</strong></span> <span class='ocrx_word' id='word_1_152' title='bbox 972 2448 1186 2531; x_wconf 80' lang='lat' dir='ltr'><strong>peculiares</strong></span> <span class='ocrx_word' id='word_1_153' title='bbox 1206 2446 1317 2518; x_wconf 84' lang='lat' dir='ltr'><strong>exbi-</strong></span> 
     </span>
     <span class='ocr_line' id='line_1_22' title="bbox 264 2547 706 2633; baseline -0.007 -17"><span class='ocrx_word' id='word_1_154' title='bbox 264 2549 361 2616; x_wconf 87' lang='lat' dir='ltr'><strong>bent</strong></span> <span class='ocrx_word' id='word_1_155' title='bbox 383 2547 625 2614; x_wconf 86' lang='lat' dir='ltr'><strong>differentias</strong></span> <span class='ocrx_word' id='word_1_156' title='bbox 644 2549 706 2633; x_wconf 89' lang='lat' dir='ltr'><strong>b).</strong></span> 
     </span>
    </p>
   </div>
   <div class='ocr_carea' id='block_1_6' title="bbox 230 2689 1320 4321">
    <p class='ocr_par' dir='ltr' id='par_1_6' title="bbox 230 2689 1320 4321">
     <span class='ocr_line' id='line_1_23' title="bbox 350 2689 1313 2776; baseline 0.002 -22"><span class='ocrx_word' id='word_1_157' title='bbox 350 2692 422 2754; x_wconf 86' lang='lat' dir='ltr'><strong>Cor</strong></span> <span class='ocrx_word' id='word_1_158' title='bbox 451 2689 584 2754; x_wconf 86' lang='lat' dir='ltr'><strong>avium</strong></span> <span class='ocrx_word' id='word_1_159' title='bbox 615 2690 657 2756; x_wconf 91' lang='lat' dir='ltr'><strong>in</strong></span> <span class='ocrx_word' id='word_1_160' title='bbox 687 2689 867 2756; x_wconf 88' lang='lat' dir='ltr'><strong>omnibus</strong></span> <span class='ocrx_word' id='word_1_161' title='bbox 899 2689 978 2756; x_wconf 86' lang='lat' dir='ltr'><strong>fere</strong></span> <span class='ocrx_word' id='word_1_162' title='bbox 1009 2690 1188 2776; x_wconf 82' lang='lat' dir='ltr'><strong>congruit</strong></span> <span class='ocrx_word' id='word_1_163' title='bbox 1222 2709 1313 2762; x_wconf 87' lang='lat' dir='ltr'><strong>curn</strong></span> 
     </span>
     <span class='ocr_line' id='line_1_24' title="bbox 262 2789 1315 2878; baseline 0 -19"><span class='ocrx_word' id='word_1_164' title='bbox 262 2791 379 2860; x_wconf 88' lang='lat' dir='ltr'><strong>corde</strong></span> <span class='ocrx_word' id='word_1_165' title='bbox 400 2793 696 2873; x_wconf 87' lang='lat' dir='ltr'><strong>mammalium‚</strong></span> <span class='ocrx_word' id='word_1_166' title='bbox 717 2795 850 2876; x_wconf 84' lang='lat' dir='ltr'><strong>paucis</strong></span> <span class='ocrx_word' id='word_1_167' title='bbox 872 2799 1025 2858; x_wconf 82' lang='lat' dir='ltr'><strong>tantum</strong></span> <span class='ocrx_word' id='word_1_168' title='bbox 1047 2789 1214 2878; x_wconf 85' lang='lat' dir='ltr'><strong>exceptis</strong></span> <span class='ocrx_word' id='word_1_169' title='bbox 1236 2795 1315 2859; x_wconf 78' lang='lat' dir='ltr'><strong>dif-</strong></span> 
     </span>
     <span class='ocr_line' id='line_1_25' title="bbox 259 2895 1317 2983; baseline 0 -22"><span class='ocrx_word' id='word_1_170' title='bbox 259 2895 444 2961; x_wconf 72' lang='lat' dir='ltr'><strong>ferentiis</strong></span> <span class='ocrx_word' id='word_1_171' title='bbox 466 2898 520 2983; x_wconf 90' lang='lat' dir='ltr'><strong>c).</strong></span> <span class='ocrx_word' id='word_1_172' title='bbox 542 2895 670 2980; x_wconf 84' lang='lat' dir='ltr'><strong>Longe</strong></span> <span class='ocrx_word' id='word_1_173' title='bbox 692 2897 959 2981; x_wconf 57' lang='lat' dir='ltr'><strong>aliterputem</strong></span> <span class='ocrx_word' id='word_1_174' title='bbox 981 2915 1055 2974; x_wconf 89' lang='lat' dir='ltr'><strong>cor</strong></span> <span class='ocrx_word' id='word_1_175' title='bbox 1075 2917 1114 2960; x_wconf 83' lang='lat' dir='ltr'><strong>se</strong></span> <span class='ocrx_word' id='word_1_176' title='bbox 1131 2896 1251 2960; x_wconf 83' lang='lat' dir='ltr'><strong>hebet</strong></span> <span class='ocrx_word' id='word_1_177' title='bbox 1269 2897 1317 2961; x_wconf 86' lang='lat' dir='ltr'><strong>in</strong></span> 
     </span>
     <span class='ocr_line' id='line_1_26' title="bbox 269 2995 1318 3082; baseline 0 -18"><span class='ocrx_word' id='word_1_178' title='bbox 269 2999 484 3082; x_wconf 86' lang='lat' dir='ltr'><strong>amphibiis</strong></span> <span class='ocrx_word' id='word_1_179' title='bbox 520 3003 557 3062; x_wconf 86' lang='lat' dir='ltr'><strong>et</strong></span> <span class='ocrx_word' id='word_1_180' title='bbox 584 2995 767 3080; x_wconf 89' lang='lat' dir='ltr'><strong>piscibus.</strong></span> <span class='ocrx_word' id='word_1_181' title='bbox 799 2999 1075 3064; x_wconf 87' lang='lat' dir='ltr'><strong>Mammalibus</strong></span> <span class='ocrx_word' id='word_1_182' title='bbox 1097 3003 1135 3063; x_wconf 87' lang='lat' dir='ltr'><strong>et</strong></span> <span class='ocrx_word' id='word_1_183' title='bbox 1157 2998 1318 3076; x_wconf 87' lang='lat' dir='ltr'><strong>avibus,</strong></span> 
     </span>
     <span class='ocr_line' id='line_1_27' title="bbox 267 3094 1316 3184; baseline -0.002 -18"><span class='ocrx_word' id='word_1_184' title='bbox 267 3101 302 3166; x_wconf 89' lang='lat' dir='ltr'><strong>si</strong></span> <span class='ocrx_word' id='word_1_185' title='bbox 335 3121 398 3166; x_wconf 91' lang='lat' dir='ltr'><strong>cor</strong></span> <span class='ocrx_word' id='word_1_186' title='bbox 432 3107 469 3166; x_wconf 90' lang='lat' dir='ltr'><strong>et</strong></span> <span class='ocrx_word' id='word_1_187' title='bbox 500 3097 682 3164; x_wconf 89' lang='lat' dir='ltr'><strong>circuitus</strong></span> <span class='ocrx_word' id='word_1_188' title='bbox 713 3094 1219 3184; x_wconf 85' lang='lat' dir='ltr'><strong>spectentur‚testudinum</strong></span> <span class='ocrx_word' id='word_1_189' title='bbox 1245 3101 1316 3166; x_wconf 84' lang='lat' dir='ltr'><strong>ali-</strong></span> 
     </span>
     <span class='ocr_line' id='line_1_28' title="bbox 268 3203 1316 3292; baseline 0.001 -23"><span class='ocrx_word' id='word_1_190' title='bbox 268 3225 365 3292; x_wconf 87' lang='lat' dir='ltr'><strong>quae</strong></span> <span class='ocrx_word' id='word_1_191' title='bbox 386 3205 528 3288; x_wconf 87' lang='lat' dir='ltr'><strong>species</strong></span> <span class='ocrx_word' id='word_1_192' title='bbox 552 3203 749 3269; x_wconf 86' lang='lat' dir='ltr'><strong>finitimae</strong></span> <span class='ocrx_word' id='word_1_193' title='bbox 779 3209 881 3268; x_wconf 85' lang='lat' dir='ltr'><strong>sunt.</strong></span> <span class='ocrx_word' id='word_1_194' title='bbox 918 3203 1064 3270; x_wconf 85' lang='lat' dir='ltr'><strong>Adsunt</strong></span> <span class='ocrx_word' id='word_1_195' title='bbox 1082 3207 1187 3270; x_wconf 89' lang='lat' dir='ltr'><strong>enim</strong></span> <span class='ocrx_word' id='word_1_196' title='bbox 1209 3206 1316 3270; x_wconf 87' lang='lat' dir='ltr'><strong>sinus</strong></span> 
     </span>
     <span class='ocr_line' id='line_1_29' title="bbox 269 3301 1311 3393; baseline 0 -21"><span class='ocrx_word' id='word_1_197' title='bbox 269 3307 345 3372; x_wconf 89' lang='lat' dir='ltr'><strong>duo</strong></span> <span class='ocrx_word' id='word_1_198' title='bbox 369 3328 437 3390; x_wconf 89' lang='lat' dir='ltr'><strong>per</strong></span> <span class='ocrx_word' id='word_1_199' title='bbox 468 3313 628 3391; x_wconf 71' lang='lat' dir='ltr'><strong>septum,</strong></span> <span class='ocrx_word' id='word_1_200' title='bbox 651 3301 835 3392; x_wconf 64' lang='lat' dir='ltr'><strong>sejuncti,</strong></span> <span class='ocrx_word' id='word_1_201' title='bbox 857 3325 1018 3393; x_wconf 89' lang='lat' dir='ltr'><strong>quorum</strong></span> <span class='ocrx_word' id='word_1_202' title='bbox 1039 3307 1195 3386; x_wconf 86' lang='lat' dir='ltr'><strong>dexter,</strong></span> <span class='ocrx_word' id='word_1_203' title='bbox 1214 3307 1311 3374; x_wconf 89' lang='lat' dir='ltr'><strong>sini·</strong></span> 
     </span>
     <span class='ocr_line' id='line_1_30' title="bbox 268 3407 1310 3496; baseline 0 -20"><span class='ocrx_word' id='word_1_204' title='bbox 268 3417 352 3476; x_wconf 87' lang='lat' dir='ltr'><strong>stro</strong></span> <span class='ocrx_word' id='word_1_205' title='bbox 373 3407 496 3489; x_wconf 76' lang='lat' dir='ltr'><strong>maior</strong></span> <span class='ocrx_word' id='word_1_206' title='bbox 509 3451 520 3485; x_wconf 91' lang='lat'><strong>,</strong></span> <span class='ocrx_word' id='word_1_207' title='bbox 542 3429 660 3474; x_wconf 86' lang='lat' dir='ltr'><strong>venas</strong></span> <span class='ocrx_word' id='word_1_208' title='bbox 686 3424 801 3475; x_wconf 76' lang='lat' dir='ltr'><strong>&#39;cavas</strong></span> <span class='ocrx_word' id='word_1_209' title='bbox 832 3411 998 3494; x_wconf 83' lang='lat' dir='ltr'><strong>excipit,</strong></span> <span class='ocrx_word' id='word_1_210' title='bbox 1019 3413 1127 3476; x_wconf 86' lang='lat' dir='ltr'><strong>venis</strong></span> <span class='ocrx_word' id='word_1_211' title='bbox 1157 3413 1310 3496; x_wconf 81' lang='lat' dir='ltr'><strong>pulmo-</strong></span> 
     </span>
     <span class='ocr_line' id='line_1_31' title="bbox 230 3513 1314 3600; baseline 0.003 -22"><span class='ocrx_word' id='word_1_212' title='bbox 230 3588 233 3600; x_wconf 30' lang='grc'>1</span> <span class='ocrx_word' id='word_1_213' title='bbox 268 3515 424 3584; x_wconf 86' lang='lat' dir='ltr'><strong>nalibus</strong></span> <span class='ocrx_word' id='word_1_214' title='bbox 446 3513 604 3580; x_wconf 88' lang='lat' dir='ltr'><strong>sinistro</strong></span> <span class='ocrx_word' id='word_1_215' title='bbox 629 3515 795 3580; x_wconf 78' lang='lat' dir='ltr'><strong>insertis.</strong></span> <span class='ocrx_word' id='word_1_216' title='bbox 825 3519 907 3600; x_wconf 86' lang='lat' dir='ltr'><strong>Ipse</strong></span> <span class='ocrx_word' id='word_1_217' title='bbox 929 3523 1059 3582; x_wconf 86' lang='lat' dir='ltr'><strong>autem</strong></span> <span class='ocrx_word' id='word_1_218' title='bbox 1079 3519 1314 3583; x_wconf 89' lang='lat' dir='ltr'><strong>ventriculus</strong></span> 
     </span>
     <span class='ocr_line' id='line_1_32' title="bbox 266 3615 1314 3707; baseline -0.001 -24"><span class='ocrx_word' id='word_1_219' title='bbox 266 3615 464 3700; x_wconf 87' lang='lat' dir='ltr'><strong>triplicem</strong></span> <span class='ocrx_word' id='word_1_220' title='bbox 488 3618 608 3681; x_wconf 87' lang='lat' dir='ltr'><strong>habet</strong></span> <span class='ocrx_word' id='word_1_221' title='bbox 631 3637 808 3692; x_wconf 85' lang='lat' dir='ltr'><strong>caveam,</strong></span> <span class='ocrx_word' id='word_1_222' title='bbox 828 3634 896 3702; x_wconf 89' lang='lat' dir='ltr'><strong>per</strong></span> <span class='ocrx_word' id='word_1_223' title='bbox 915 3618 1134 3707; x_wconf 85' lang='lat' dir='ltr'><strong>sepimenta</strong></span> <span class='ocrx_word' id='word_1_224' title='bbox 1155 3640 1314 3694; x_wconf 86' lang='lat' dir='ltr'><strong>carnea,</strong></span> 
     </span>
     <span class='ocr_line' id='line_1_33' title="bbox 270 3714 1317 3801; baseline -0.003 -13"><span class='ocrx_word' id='word_1_225' title='bbox 270 3723 443 3788; x_wconf 87' lang='lat' dir='ltr'><strong>invicem</strong></span> <span class='ocrx_word' id='word_1_226' title='bbox 483 3722 841 3797; x_wconf 84' lang='lat' dir='ltr'><strong>communicantia,</strong></span> <span class='ocrx_word' id='word_1_227' title='bbox 872 3714 1119 3801; x_wconf 82' lang='lat' dir='ltr'><strong>formatam,</strong></span> <span class='ocrx_word' id='word_1_228' title='bbox 1148 3729 1192 3788; x_wconf 91' lang='lat' dir='ltr'><strong>ut</strong></span> <span class='ocrx_word' id='word_1_229' title='bbox 1224 3721 1317 3788; x_wconf 86' lang='lat' dir='ltr'><strong>adeo</strong></span> 
     </span>
     <span class='ocr_line' id='line_1_34' title="bbox 270 3823 1319 3912; baseline -0.001 -24"><span class='ocrx_word' id='word_1_230' title='bbox 270 3826 402 3889; x_wconf 82' lang='lat' dir='ltr'><strong>dexter</strong></span> <span class='ocrx_word' id='word_1_231' title='bbox 422 3829 578 3886; x_wconf 85' lang='lat' dir='ltr'><strong>tantum</strong></span> <span class='ocrx_word' id='word_1_232' title='bbox 600 3823 704 3889; x_wconf 83' lang='lat' dir='ltr'><strong>adsit</strong></span> <span class='ocrx_word' id='word_1_233' title='bbox 722 3825 979 3901; x_wconf 87' lang='lat' dir='ltr'><strong>ventriculus,</strong></span> <span class='ocrx_word' id='word_1_234' title='bbox 1003 3849 1022 3891; x_wconf 88' lang='lat' dir='ltr'><strong>e</strong></span> <span class='ocrx_word' id='word_1_235' title='bbox 1046 3845 1120 3912; x_wconf 92' lang='lat' dir='ltr'><strong>quo</strong></span> <span class='ocrx_word' id='word_1_236' title='bbox 1149 3833 1259 3890; x_wconf 83' lang='lat' dir='ltr'><strong>aorta</strong></span> <span class='ocrx_word' id='word_1_237' title='bbox 1279 3826 1319 3887; x_wconf 87' lang='lat' dir='ltr'><strong>et</strong></span> 
     </span>
     <span class='ocr_line' id='line_1_35' title="bbox 271 3915 1319 4014; baseline 0.001 -23"><span class='ocrx_word' id='word_1_238' title='bbox 271 3927 509 4013; x_wconf 88' lang='lat' dir='ltr'><strong>pulmonalis</strong></span> <span class='ocrx_word' id='word_1_239' title='bbox 529 3929 673 3993; x_wconf 82' lang='lat' dir='ltr'><strong>arteria</strong></span> <span class='ocrx_word' id='word_1_240' title='bbox 690 3915 984 3998; x_wconf 78' lang='lat' dir='ltr'><strong>subnascuntur.</strong></span> <span class='ocrx_word' id='word_1_241' title='bbox 1007 3934 1176 4014; x_wconf 86' lang='lat' dir='ltr'><strong>Apparet</strong></span> <span class='ocrx_word' id='word_1_242' title='bbox 1197 3929 1319 4014; x_wconf 82' lang='lat' dir='ltr'><strong>igitur</strong></span> 
     </span>
     <span class='ocr_line' id='line_1_36' title="bbox 273 4025 1320 4117; baseline -0.003 -24"><span class='ocrx_word' id='word_1_243' title='bbox 273 4049 318 4093; x_wconf 89' lang='lat' dir='ltr'><strong>ex</strong></span> <span class='ocrx_word' id='word_1_244' title='bbox 337 4031 410 4093; x_wconf 83' lang='lat' dir='ltr'><strong>hac&#39;</strong></span> <span class='ocrx_word' id='word_1_245' title='bbox 436 4028 558 4117; x_wconf 89' lang='lat' dir='ltr'><strong>cordis</strong></span> <span class='ocrx_word' id='word_1_246' title='bbox 586 4029 736 4092; x_wconf 84' lang='lat' dir='ltr'><strong>fabrica</strong></span> <span class='ocrx_word' id='word_1_247' title='bbox 749 4075 760 4107; x_wconf 94' lang='lat'>‚</span> <span class='ocrx_word' id='word_1_248' title='bbox 781 4033 1011 4114; x_wconf 85' lang='lat' dir='ltr'><strong>sanguinem</strong></span> <span class='ocrx_word' id='word_1_249' title='bbox 1038 4025 1144 4096; x_wconf 83' lang='lat' dir='ltr'><strong>haud</strong></span> <span class='ocrx_word' id='word_1_250' title='bbox 1166 4043 1320 4093; x_wconf 87' lang='lat' dir='ltr'><strong>omnem</strong></span> 
     </span>
     <span class='ocr_line' id='line_1_37' title="bbox 271 4127 1319 4220; baseline -0.003 -26"><span class='ocrx_word' id='word_1_251' title='bbox 271 4151 340 4215; x_wconf 87' lang='lat' dir='ltr'><strong>per</strong></span> <span class='ocrx_word' id='word_1_252' title='bbox 358 4134 560 4216; x_wconf 86' lang='lat' dir='ltr'><strong>pulmones</strong></span> <span class='ocrx_word' id='word_1_253' title='bbox 593 4127 729 4194; x_wconf 86' lang='lat' dir='ltr'><strong>debere</strong></span> <span class='ocrx_word' id='word_1_254' title='bbox 751 4133 937 4208; x_wconf 88' lang='lat' dir='ltr'><strong>transire,</strong></span> <span class='ocrx_word' id='word_1_255' title='bbox 961 4133 1025 4220; x_wconf 92' lang='lat' dir='ltr'><strong>qui</strong></span> <span class='ocrx_word' id='word_1_256' title='bbox 1049 4155 1117 4218; x_wconf 87' lang='lat' dir='ltr'><strong>per</strong></span> <span class='ocrx_word' id='word_1_257' title='bbox 1137 4151 1256 4196; x_wconf 88' lang='lat' dir='ltr'><strong>venas</strong></span> <span class='ocrx_word' id='word_1_258' title='bbox 1277 4127 1319 4192; x_wconf 89' lang='lat' dir='ltr'><strong>in</strong></span> 
     </span>
     <span class='ocr_line' id='line_1_38' title="bbox 273 4229 1320 4321; baseline -0.008 -21"><span class='ocrx_word' id='word_1_259' title='bbox 273 4233 379 4300; x_wconf 84' lang='lat' dir='ltr'><strong>sinus</strong></span> <span class='ocrx_word' id='word_1_260' title='bbox 411 4231 626 4316; x_wconf 85' lang='lat' dir='ltr'><strong>reducitur,</strong></span> <span class='ocrx_word' id='word_1_261' title='bbox 647 4251 789 4321; x_wconf 86' lang='lat' dir='ltr'><strong>perque</strong></span> <span class='ocrx_word' id='word_1_262' title='bbox 819 4242 971 4303; x_wconf 84' lang='lat' dir='ltr'><strong>aortam</strong></span> <span class='ocrx_word' id='word_1_263' title='bbox 1000 4235 1044 4302; x_wconf 90' lang='lat' dir='ltr'><strong>in</strong></span> <span class='ocrx_word' id='word_1_264' title='bbox 1068 4252 1203 4320; x_wconf 87' lang='lat' dir='ltr'><strong>corpus</strong></span> <span class='ocrx_word' id='word_1_265' title='bbox 1233 4229 1320 4295; x_wconf 81' lang='lat' dir='ltr'><strong>uni·</strong></span> 
     </span>
    </p>
   </div>
   <div class='ocr_carea' id='block_1_7' title="bbox 0 0 1479 4992">
    <p class='ocr_par' dir='ltr' id='par_1_7' title="bbox 0 0 1479 4992">
     <span class='ocr_line' id='line_1_39' title="bbox 0 0 1479 4992; baseline 0 0"><span class='ocrx_word' id='word_1_266' title='bbox 0 0 1479 4992; x_wconf 95' lang='lat' dir='ltr'><strong> </strong></span> 
     </span>
    </p>
   </div>
  </div>
 </body>
</html>
