2922 4996
224 393 332 456 scor,
350 389 395 456 11,
420 389 479 454 Dr
502 403 622 454 error
646 386 822 454 roruar‘.
842 387 888 458 11.
904 391 1058 459 errari
1109 397 1167 474 ¹3¹

119 506 353 620 generentur
383 530 599 614 sanguine,
629 531 831 614 ipsumque
861 531 979 597 etiam
1004 535 1161 603 aurium

122 655 331 712 cerumen,
362 631 437 696 bili
466 631 741 708 simillimum,
770 647 814 695 ex
841 651 884 696 eo
915 641 1073 718 paretur
1095 639 1160 722 b),

123 735 200 798 Cel.
231 737 381 798 Brcuar
422 732 502 796 alia
536 731 698 796 adduxit
727 741 954 817 argumenta
974 763 986 814 5
1022 739 1163 824 quibua

123 835 285 900 dubiam
315 833 424 901 reddi
452 835 617 918 putabat
648 834 779 899 hiliae
806 856 948 902 venoeo
974 842 1166 924 sanguine

122 940 390 1004 secretionem.
427 937 465 1022 ι)
487 935 610 1000 Venae
638 942 840 1018 porterum
863 941 1088 1024 sanguinem
1113 943 1164 1008 ab

124 1047 205 1113 alio
223 1045 289 1108 vix
310 1039 492 1118 differre,
513 1039 574 1104 vel
596 1041 734 1106 saltem
754 1041 828 1106 bili
857 1047 1064 1130 analogum
1087 1071 1165 1120 nou

130 1169 223 1215 esee.
247 1145 288 1236 i)
312 1143 506 1210 Arteriam
530 1143 750 1228 hepaticam
774 1135 957 1210 ductuum
987 1149 1166 1220 biliiero-

126 1271 216 1317 rum
255 1245 462 1333 capacitati
480 1237 753 1329 ‘respondere,
784 1245 873 1314 licet
902 1239 978 1314 'toti
1011 1252 1166 1338 hepatia

127 1351 325 1420 uolumini
364 1347 591 1435 respondere
631 1368 708 1442 non
737 1349 944 1428 videatur,
975 1354 1168 1442 siquidem

127 1455 236 1524 haud
268 1454 391 1520 omnia
415 1453 493 1538 ejue
521 1451 682 1516 visceris
710 1444 929 1548 substantia
961 1461 1170 1526 sacrationi

129 1559 183 1628 a'it
214 1557 423 1624 destinata.
452 1553 495 1638 3)
528 1549 752 1616 Tardiorem
781 1555 979 1640 sanguinis
1002 1558 1043 1622 in
1072 1583 1172 1628 vene

127 1669 331 1749 portarum
353 1661 499 1722 motum
527 1653 842 1721 adeecretionem
872 1659 963 1724 bilia
986 1663 1089 1730 nihil
1110 1667 1172 1730 sa·

131 1787 227 1832 cere.
254 1765 297 1849 4)
319 1761 446 1826 Dubia
468 1779 545 1824 ecee
567 1777 609 1822 ea
633 1757 918 1841 experimenta,
943 1765 1081 1848 quibua
1105 1769 1174 1832 ob-

132 1868 332 1935 servatum
354 1861 470 1924 iuiere
491 1859 797 1935 adserunt,bilie
815 1864 1064 1931 secretionem
1084 1877 1175 1952 port
1245 1871 1251 1888 '
1284 1926 1289 1937 ,

134 1967 348 2052 deligatam
376 1961 560 2026 arteriam
588 1961 813 2043 hepaticam
835 1965 1099 2044 continuasse,
1120 1972 1174 2034 ei-

134 2065 292 2156 quidem
337 2061 550 2148 periculum
591 2063 671 2126 tale
711 2065 953 2132 oeconomiae
991 2067 1178 2134 animalia

133 2163 469 2256 perturbationem
490 2167 581 2248 poet
598 2183 637 2228 ee
658 2165 812 2230 trahere
835 2165 982 2232 debeat·
1013 2169 1056 2252 5)
1077 2172 1176 2237 San-

11 2299 12 2314 *
136 2277 295 2364 guinem
314 2290 497 2338 cenorum
524 2271 571 2336 ob
599 2270 926 2356 phlogisticorum
957 2277 1177 2346 uberiorem

10 2369 12 2414 ³
135 2379 288 2466 copiam
310 2399 378 2462 pro
400 2375 628 2442 secernenda
655 2375 733 2442 bile
760 2377 864 2442 haud
896 2381 1065 2464 requiri,
1089 2402 1179 2450 cum

136 2489 357 2578 pinguedo,
381 2504 559 2554 cerumen
580 2496 617 2554 et
643 2489 812 2554 medulla
834 2493 979 2558 oeeium
1002 2514 1047 2560 ex
1076 2504 1180 2561 erte-

10 2583 12 2656 i
136 2595 243 2660 rioso
260 2597 458 2675 parentur.
481 2591 523 2674 6)
546 2593 818 2658 Anaatomoein
839 2617 959 2660 venae
977 2605 1181 2680 portarum

141 2713 228 2780 eum
250 2695 349 2760 vasis
378 2694 550 2758 biliariie
580 2696 681 2760 nihil
706 2697 925 2777 ostendere,
949 2719 1034 2764 cum
1057 2709 1095 2766 et
1118 2723 1182 2768 ar·

139 2798 242 2864 teria
270 2815 354 2860 cum
384 2795 434 2860 iie
452 2795 553 2860 vasis
583 2797 624 2862 in
656 2801 924 2864 communione
950 2803 1103 2867 existat.
1133 2807 1181 2889 7)

137 2898 405 2990 Adsertionem
424 2919 499 2964 eree
521 2901 771 2966 arbitrariam
785 2945 796 2979 ,
810 2919 894 2964 cum
915 2903 1047 2968 dicunt
1058 2951 1068 2984 ,
1090 2925 1180 2970 seu-³

140 2987 301 3089 guinem
327 3000 480 3083 nigrum
503 3003 722 3074 abdominis
757 3023 825 3085 per
849 3004 991 3068 lienem
1012 3007 1066 3071 eic
1096 3027 1181 3072 mua

142 3107 245 3184 tari,
263 3109 307 3168 ut
332 3103 423 3182 bilia
443 3125 487 3166 ex
512 3125 555 3167 eo
584 3105 715 3188 parari
744 3105 860 3170 facile
891 3108 1038 3191 possit,
1058 3110 1181 3196 aiqui-

143 3212 231 3276 dem
253 3209 413 3274 secretio
442 3207 555 3273 istius
582 3213 619 3272 et
646 3207 727 3342 ripe
758 3209 859 3274 liene
881 3212 1025 3296 optime
1051 3219 1184 3298 prooe-

147 3313 216 3378 dat
239 3316 294 3400 c).

230 3435 339 3500 Rich.
357 3417 500 3498 Powtt
519 3415 712 3498 similibus
738 3429 977 3520 argumentis
1009 3423 1185 3506 oriende*

144 3545 187 3606 re
215 3539 442 3609 nitebatur,
471 3535 594 3600 solam
623 3537 806 3602 arteriam
837 3539 1056 3624 hepaticam
1091 3531 1187 3612 bilis

147 3647 330 3724 peragere
358 3637 631 3716 secretionem,
653 3641 767 3718 atque
796 3645 932 3702 venam
959 3643 1185 3725 portarum,

149 3747 187 3806 et
220 3758 289 3824 pro
321 3746 429 3821 parte
462 3739 586 3822 ipsum
615 3737 732 3802 etiam
761 3739 902 3821 hepar,
924 3762 1008 3806 eam
1043 3729 1187 3814 babere

113 3833 116 3840 ’
150 3845 482 3940 destinationem,
510 3848 553 3904 ut
584 3843 764 3926 sanguini
792 3861 966 3920 venoeo,
995 3861 1013 3912 e
1038 3839 1211 3931 potiori*

151 3945 322 4030 c‘orporie
351 3949 462 4040 parte
499 3943 545 4006 ad
578 3963 641 4007 cor
673 3944 883 4026 redeunti,
914 3945 1189 4018 diverticulum

151 4050 389 4138 praebeant,
418 4045 707 4132 impediantque
720 4083 732 4125 ,
762 4067 809 4112 ne
831 4068 894 4114 cor
916 4057 954 4116 et
984 4051 1186 4134 pulmones

151 4145 280 4238 nimia
308 4153 521 4216 obruantur
551 4151 694 4223 cruoris
725 4151 855 4234 copia3
878 4151 919 4216 id
946 4160 1075 4218 eutem
1104 4161 1190 4220 tum

152 4263 218 4328 tel
237 4259 406 4328 maxime
436 4257 690 4332 necessarium
727 4276 828 4336 eree,
854 4243 922 4322 ubi
945 4258 1127 4355 circuitus
1150 4260 1204 4332 in.

945 4361 1002 4424 Ia
