2956 4996
275 381 385 447 Scor.
403 375 517 444 V.Ds
535 387 664 442 nours
685 389 836 442 sinsus.
849 387 1064 441 unsrrnsr.
1146 393 1212 462 ¹95

591 543 701 607 sacr.
743 542 784 606 V.

270 747 323 806 DE
344 746 469 806 rioms
495 743 778 822 amovissemus
804 743 1107 804 manumortis·

568 896 572 904 ’
616 941 644 1012 s·
685 942 762 1016 su·
868 971 873 993 ι

210 1139 522 1230 suspirium.
555 1135 844 1202 Anhclitus.
877 1137 1166 1204 oscitatio.

223 1307 370 1376 'Lenta
389 1316 428 1374 et
442 1306 634 1390 profunda
655 1302 881 1390 inspiratio,
904 1323 980 1390 qua
1002 1307 1206 1388 pulmones

168 1415 258 1478 edre
292 1411 441 1495 copioso
473 1410 727 1482 diducuntur,
760 1427 950 1494 quamque
980 1407 1121 1475 similis
1151 1433 1210 1476 ss·

167 1517 328 1602 quitur,
350 1534 486 1598 parum
518 1519 648 1576 tamen
682 1511 841 1576 celerior
874 1511 1109 1594 exspiratio,
1141 1533 1212 1580 su·

165 1619 389 1702 spirium
412 1615 619 1692 diciturssi
638 1633 731 1679 vero
751 1615 961 1700 exspiratio
979 1635 1118 1682 sonora
1141 1623 1211 1694 est,

166 1745 273 1811 gem
287 1725 390 1789 itus
412 1724 570 1790 nomine
589 1722 708 1788 venit.
730 1722 986 1786 Provocemur
1007 1721 1055 1786 ad
1086 1724 1212 1808 suspi-

48 1885 52 1890 .
167 1829 233 1895 ria
260 1827 468 1905 ducenda,
496 1827 648 1912 quoties
682 1825 882 1910 sanguinis
911 1845 979 1910 per
1009 1827 1214 1908 pulmones

169 1929 355 2015 trajectus
394 1945 586 1994 remoram
624 1931 806 2012 patitur,
837 1929 1043 2016 ipsumque
1079 1939 1212 2017 pectus
1333 1977 1337 1992 .

166 2033 338 2120 pondere
359 2035 468 2120 quasi
487 2055 728 2119 oppressum,
742 2041 779 2100 et
801 2056 865 2100 cor
884 2037 1070 2140 langgsens
1094 2057 1212 2124 ango·

163 2140 220 2206 ris
251 2159 363 2204 sensu
388 2138 583 2203 adfectum
614 2144 682 2202 est.
726 2143 866 2204 Omnes
902 2140 1024 2225 igitur
1055 2157 1213 2218 causae,

167 2265 267 2334 quae
288 2263 433 2328 organa
462 2244 715 2326 respiratoria
740 2242 957 2320 adficiunt,
982 2244 1212 2329 dynamicas
1265 2299 1271 2318 .

167 2353 209 2416 et
230 2347 500 2425 mechanicae,
521 2346 690 2428 suspiria
712 2339 1068 2420 suscitantst'ristes
1090 2347 1215 2412 enimi

167 2450 342 2524 adfectus
355 2490 365 2525 ,
379 2468 554 2528 moeror,
574 2447 814 2522 sollicitudo,
825 2447 1037 2534 periculum
1057 2469 1214 2536 supera-

168 2560 288 2634 tum,
317 2551 497 2637 spasmi,
528 2550 690 2634 languor
724 2549 868 2618 virium
889 2595 899 2631 ,
920 2551 1120 2634 pulmones
1152 2552 1213 2641 in·

165 2653 285 2726 farcti
307 2660 345 2720 et
364 2652 442 2724 alia
460 2671 691 2738 organorum
711 2651 893 2734 spiritum
912 2652 1134 2718 ducentium
1152 2654 1213 2718 vi-

166 2759 238 2822 tia.
262 2757 356 2820 Cum
377 2757 542 2839 suspirio
563 2757 682 2822 etiam
708 2755 878 2822 feminas
906 2756 1147 2842 hystoricae,
1172 2763 1211 2822 et

166 2863 376 2934 individua
403 2881 538 2927 somno
570 2861 786 2946 maguntino
815 2880 994 2945 oppressa
1025 2861 1213 2948 evigilare

169 2965 310 3030 solent.
344 2965 501 3030 Prodest
530 2961 721 3048 profunda
752 2963 846 3028 haec
883 2964 1098 3049 adspiratio
1126 2986 1212 3030 san·

165 3067 293 3156 guinis
315 3086 466 3130 cursum
487 3064 749 3150 promovendo
764 3071 811 3128 aet
832 3066 956 3132 cordis
978 3068 1080 3132 vires
1101 3068 1212 3146 solli·

169 3171 351 3246 citando,
373 3169 471 3234 unde
492 3174 623 3254 pectus
648 3189 671 3234 a
690 3167 856 3253 pondere
873 3171 1040 3254 relevat,
1059 3177 1097 3237 et
1123 3172 1221 3256 pul·'

170 3295 256 3342 sum
276 3273 492 3364 regularem
513 3271 653 3338 reddit.

252 3434 540 3501 Anhelitus
565 3434 746 3500 brevibus
780 3423 1108 3518 etfrequentibus
1143 3435 1210 3510 ad·

171 3541 451 3625 spirationibus
464 3559 590 3626 ,··quas
610 3539 741 3604 breves
760 3545 798 3602 et
817 3539 1025 3604 crebriores
1046 3559 1213 3624 sequun-

170 3650 251 3710 tur¹
275 3643 589 3726 exspirationes,
625 3641 850 3706 absolvitur.
906 3641 1119 3706 Suscitatur
1169 3640 1213 3706 id

165 3750 461 3833 phaenomenon
485 3767 508 3809 a
529 3745 676 3823 causis,
699 3745 824 3810 cordis
848 3743 952 3808 vires
973 3745 1208 3809 concitanti·

166 3853 261 3926 bus,
285 3855 323 3914 et
352 3849 468 3912 simul
495 3847 695 3932 sanguinis
726 3865 878 3914 cursum
903 3866 971 3928 per
1003 3848 1212 3930 pulmones·

167 3950 491 4036 impedientibus,
520 3953 620 4034 unde
652 3971 737 4016 cum
772 3951 966 4016 anxietate
990 3953 1207 4035 plurimum

167 4060 362 4144 iungitur,
380 4059 580 4144 ipsamque
600 4059 867 4125 irritationem
897 4064 1206 4141 contemperare,

168 4172 208 4232 st
230 4165 432 4231 obstacula
449 4159 722 4249 removerep'er
738 4164 944 4228 instinctus
964 4163 1119 4228 modum
1141 4163 1210 4229 ed·-

162 4270 318 4341 nititur.
340 4269 650 4338 vehementiores
670 4271 793 4338 animi
812 4275 939 4340 motus
950 4273 1119 4349 ,terrun
1131 4271 1207 4351 ira,
