2898 4992
490 363 549 430 Dr
568 371 833 428 uursrrrora.
1128 375 1197 441 431.
1309 392 1314 406 ·
1356 337 1359 344 ’

141 505 382 586 consumtio,
401 512 512 574 tanto
537 507 624 592 plus
648 503 695 570 de
717 504 916 572 alimentis
929 546 940 583 ,
960 503 1007 572 de
1031 509 1115 576 cibo
1144 522 1195 582 et>

141 609 399 697 potu,'deque
432 611 520 673 at're
551 609 863 692 atmosphaerico
890 610 1124 695 requiritur,
1143 622 1195 690 ut·

141 715 288 780 virium
321 719 359 777 et
388 713 575 776 materiae
605 711 773 796 corporis
808 699 979 796 organici
1016 724 1187 784 servetur
1255 791 1259 806 ⁵

142 817 379 899 integrites3
420 815 632 878 emaciatu'r
680 832 815 898 corpus
854 837 921 898 per
961 815 1191 886 intensiores

144 921 288 986 mentis
326 925 364 983 et
394 919 563 1003 corporis
599 918 774 996 labores,
804 926 841 983 et
869 913 977 984 lav'et
1006 923 1192 991 obesitati

143 1025 230 1090 vita
248 1023 374 1104 iners3
395 1023 594 1091 concitant
619 1029 745 1088 motus
774 1028 1009 1089 musculares
1039 1033 1077 1090 et
1103 1047 1192 1094 cau·
1298 1071 1304 1084 ι

58 1185 64 1192 ,
144 1149 210 1196 sae
241 1128 420 1215 quaevis,
452 1130 626 1212 systema
657 1145 839 1189 nerveum
871 1127 1068 1210 potentius
1093 1131 1192 1194 inci-

143 1238 272 1298 tantes
286 1273 297 1309 ,
326 1228 525 1316 sanguinis
559 1226 788 1302 circuitum,
809 1229 1040 1311 pulmonum
1066 1227 1193 1296 offici-

144 1355 212 1401 um
236 1343 274 1402 et
290 1353 421 1401 omnes
441 1323 660 1396 functiones
675 1374 685 1408 ,
700 1328 747 1393 ad
769 1331 1015 1395 haematosin
1039 1353 1196 1400 concur-

47 1431 63 1457 ''
145 1448 274 1508 rentes
297 1437 348 1526 (ς.
373 1437 483 1522 383.)',
496 1435 688 1520 simulque
709 1441 871 1520 augetur
892 1435 1086 1502 sensibilis
1114 1461 1197 1508 cor·

146 1546 252 1631 poris
282 1544 385 1609 calor
416 1543 481 1626 b),
503 1559 576 1626 quo
608 1539 860 1603 manifestum
900 1527 979 1617 est,
1010 1546 1198 1610 materiae

148 1647 352 1734 organicae
373 1641 684 1712 vicissitudinem
713 1641 761 1708 iis
785 1641 879 1725 ipsis
901 1645 1008 1710 vitae
1028 1641 1200 1714 muneri·

149 1753 222 1818 bus
245 1747 437 1816 suscitari.

236 1887 497 1954 Nutritionem
528 1903 619 1949 vere
659 1882 816 1968 ipsam,
850 1890 1038 1970 tanquam
1068 1907 1202 1972 supre-

150 1981 261 2063 mum
281 1989 586 2058 adsimilationis
608 1990 770 2074 gradum
794 1988 846 2072 (§·
870 1995 991 2076 eoa),
1013 1993 1203 2072 materiae

151 2097 358 2184 organicae
377 2093 665 2176 corruptionem
685 2099 772 2175 post
793 2113 832 2156 se
853 2093 1029 2175 trahere,
1052 2099 1112 2160 vel
1135 2119 1205 2181 po-

152 2201 235 2267 tius
261 2195 563 2282 appositionem
603 2201 640 2258 et
673 2194 914 2260 ablationem
951 2197 1028 2260 sibi
1069 2207 1204 2268 mut-uo

149 2297 374 2374 succedere,
386 2302 430 2362 ut
446 2297 540 2360 adeo
558 2296 713 2360 unicam
732 2294 849 2360 simul
865 2297 1100 2384 eandemque
1119 2323 1207 2368 con.

152 2406 325 2474 stitu'ant
348 2397 660 2485 reproductivam
681 2397 922 2470 functionem
934 2439 944 2474 ,
961 2399 1079 2464 dubio
1101 2401 1210 2472 haud

152 2503 375 2586 subiicitur.
401 2504 486 2586 Ipsa
515 2500 618 2566 enim
639 2499 733 2564 haec
756 2499 1005 2566 adsimilatio
1027 2523 1113 2568 suos
1136 2508 1208 2572 ha·

153 2613 251 2680 bere
274 2607 389 2672 debet
409 2605 581 2682 limites,
609 2615 710 2691 quos*
737 2603 914 2670 excedere
942 2605 1051 2700 nullu
1079 2614 1209 2690 potest

151 2715 332 2786 rationes
356 2733 447 2778 nam
465 2711 709 2796 particulae,
731 2709 779 2776 ad
802 2711 1022 2793 plenarium
1046 2711 1207 2782 indiffe-

152 2818 308 2886 rentiae
326 2815 488 2902 gradum
509 2813 738 2900 perductae,
758 2819 879 2880 semet
902 2816 1094 2899 repellunt
1104 2859 1121 2908 ,Δ
1135 2837 1209 2905 quo

63 2973 65 2981 ,
125 2997 130 3006 ,
155 2919 343 2988 cohaesio
365 2938 496 2983 earum
518 2919 697 2994 tollitur,
719 2923 757 2982 et
782 2917 1028 2983 resolutionis
1048 2911 1211 2986 tradun·
1244 2923 1251 2932 '

153 3009 228 3092 tur⁴
244 3021 448 3105 processui.
478 3021 585 3085 Nova
614 3029 744 3092 autem
776 3021 982 3098 materies,
1006 3041 1100 3108 quae
1122 3043 1211 3108 par·

155 3127 264 3196 tibus
286 3121 476 3208 organicis
512 3123 670 3188 adsidue
697 3123 927 3214 adducitur,
946 3125 993 3188 ob
1022 3124 1212 3208 majorem

158 3249 240 3318 qua
259 3227 383 3312 pollet
414 3220 701 3324 differentiam,
724 3225 869 3303 maiore
894 3226 934 3291 vi
956 3226 1005 3291 ab
1029 3227 1213 3315 organica

161 3325 381 3400 attrahitur
402 3327 591 3405 materia,
606 3331 715 3394 unde
738 3325 1008 3394 indifferentes
1040 3331 1213 3414 particu-

160 3442 224 3505 lae
255 3432 408 3498 dimitti
434 3433 649 3498 necessario
680 3432 832 3498 dehent.
866 3435 939 3522 Eae
962 3437 1100 3500 ‘autem
1124 3435 1213 3500 suh*

158 3531 365 3616 stantiae,
395 3555 492 3624 quae
522 3539 596 3620 per
629 3537 842 3601 nutritium
875 3554 1094 3619 processum
1125 3543 1214 3602 tan·

162 3640 515 3732 quamsupertluae
536 3639 750 3704 autminus
782 3639 939 3705 idoneae
962 3661 1007 3705 ex
1030 3640 1214 3723 organica

162 3745 422 3814 eliminantur
444 3743 634 3822 matoria,
653 3745 716 3806 vel
735 3761 821 3807 cum
847 3743 1030 3808 exhalata
1049 3740 1213 3824 abigun·
1247 3733 1253 3744 ”

161 3857 233 3917 tur
256 3845 418 3912 materie
431 3889 441 3922 ,
464 3849 528 3910 vel
557 3843 802 3910 resorbentur
833 3861 899 3927 per
921 3861 1012 3906 vasa
1032 3843 1215 3926 lympha·

163 3955 273 4030 tica,
294 3951 334 4014 in
357 3951 559 4034 lympham
590 3947 724 4034 prius,
752 3969 795 4014 ac
818 3947 971 4013 demum
995 3945 1034 4014 in
1057 3949 1215 4032 sanguia

162 4061 257 4128 nem
283 4055 584 4130 convertendae,
605 4073 748 4142 perque
778 4073 922 4139 organa
954 4052 1168 4116 excretoria
1196 4075 1217 4120 a

166 4179 329 4246 corpore
360 4158 604 4234 educuntur,
635 4167 728 4234 aut,
758 4159 791 4222 si
816 4153 931 4220 adid
963 4153 1124 4243 idoneae
1154 4157 1216 4228 fu·

146 4287 149 4294 “
206 4277 433 4356 tassonis
455 4283 627 4372 Physiou
650 4283 750 4351 med·
767 4281 848 4352 Vol.
868 4281 951 4348 111.'
975 4279 1047 4352 Hh
