2956 4996
241 405 308 479 264
390 401 476 468 Lm.
493 398 522 464 1.
544 399 635 463 car.
658 398 724 463 111.
742 398 802 464 Dr
830 409 1147 466 ansermi-rous.

247 547 348 610 lules
369 541 585 608 ambientis
609 545 661 627 (ς.
679 559 755 624 322.
778 543 871 629 11.),
892 563 911 606 e
931 546 1165 627 serpentinis
1185 545 1293 630 gyris

246 649 288 712 in
313 643 584 712 rectitudinem
605 635 868 730 porriguntur,
881 650 919 718 et
931 667 954 708 a
972 665 1011 710 se
1032 647 1198 711 invicem
1216 647 1296 711 dis·

247 749 396 812 cedunt.
432 751 509 814 Hac
539 747 661 832 igitur
697 747 848 811 ratione
876 746 943 821 fit,
966 755 1009 813 ut
1041 759 1155 812 aucta
1181 770 1295 812 vaso-

244 871 332 915 rum
348 849 743 934 capacitate,uberior
760 848 804 911 in
823 851 1025 932 pulmones
1042 855 1189 916 feratur
1206 873 1298 916 sen-

239 955 375 1039 .guinis
400 955 529 1037 copie,
551 933 710 1038 ipseque
727 952 806 1030 eius
825 953 1001 1018 humoris
1024 956 1207 1020 circuitus
1226 975 1297 1037 ρει

248 1056 381 1120 eadem
399 1056 558 1132 viscera,
572 1075 714 1140 perque
737 1075 872 1138 corpus
882 1058 1115 1122 mniversum
1152 1060 1298 1122 accole·

243 1165 351 1226 retur
366 1159 440 1246 “).
462 1159 745 1242 impugnarunt
773 1178 894 1240 nuper
924 1161 1162 1224 sententiam
1191 1161 1292 1224 hanc

246 1261 330 1327 cell.
350 1265 528 1328 Emmnnr
549 1269 586 1327 et
604 1265 787 1328 Bosroclt
808 1262 868 1350 a),
879 1265 1025 1326 multae
1045 1268 1177 1326 tamen
1200 1266 1291 1326 sunt

242 1367 533 1431 observationes
580 1363 665 1428 eam
700 1354 933 1430 evincentes.
975 1365 1128 1429 Etenim
1152 1365 1290 1448 injecti
1364 1407 1370 1418 ·

241 1466 410 1550 liquores
439 1467 595 1530 facilius
628 1471 833 1532 transeunt
863 1487 931 1547 per
959 1469 1160 1549 pulmones
1189 1465 1291 1532 flatu

246 1567 445 1644 diductos,
458 1587 572 1654 quem
587 1589 655 1654 per
673 1571 860 1654 collapsos
873 1588 885 1646 ς
898 1568 942 1631 de
965 1569 1148 1652 pulmone
1172 1567 1298 1630 inciso

242 1671 399 1756 sanguis
437 1691 504 1754 per
532 1672 831 1756 inspirationem
872 1671 1035 1736 celerius
1067 1669 1297 1756 projicitur;

243 1777 477 1842 manifestus
514 1783 571 1840 est
602 1776 895 1860 respirationis,
929 1773 1031 1860 quod
1067 1779 1105 1836 et
1135 1771 1298 1855 propria

245 1888 403 1947 constat
432 1880 693 1963 experientia,
715 1885 758 1947 in
788 1883 943 1967 pulsum
974 1879 1100 1944 cordis
1130 1885 1167 1943 et
1193 1881 1296 1941 arte·

245 1987 395 2050 riarum
424 1988 617 2064 influxus,
646 1995 691 2051 ut
723 1988 819 2054 adeo
850 1986 1179 2052 tardus'celerior
1219 1982 1295 2046 fiat

244 2105 315 2174 per
340 2092 530 2174 suspiria,
558 2093 621 2156 vel
649 2092 897 2156 inordinatus
925 2095 964 2153 et
993 2091 1160 2154 nimium
1192 2083 1292 2150 citus

247 2191 422 2276 aequalis
450 2193 667 2270 reddatur,
697 2199 736 2257 et
766 2194 815 2256 ad
846 2191 1061 2278 normalem
1091 2193 1298 2260 reducatur

247 2291 484 2375 numerum¹
510 2301 670 2382 augetur
705 2297 929 2381 sanguinis,
960 2316 1005 2359 ex
1037 2301 1169 2378 aperto
1203 2315 1295 2359 vase

246 2398 499 2483 profluentis,
520 2401 561 2466 in
589 2400 773 2486 languido
805 2399 971 2463 animali
995 2419 1104 2464 arcus
1131 2420 1176 2462 ea
1205 2417 1296 2482 pro·

248 2493 452 2588 portione,
479 2526 555 2592 qua
583 2509 648 2571 air
677 2507 718 2570 in
747 2491 948 2588 pulmones
979 2503 1161 2587 pellitur3
1190 2524 1295 2568 com·

250 2622 380 2693 presso
402 2614 514 2678 unius
533 2615 667 2677 lateris
685 2615 868 2696 pulmone
890 2633 958 2695 per
978 2614 1105 2677 airam
1128 2612 1169 2677 in
1191 2614 1298 2678 cavi·

251 2718 376 2777 tatem
397 2713 638 2790 immissum,
652 2715 712 2801 vel
725 2715 962 2800 ¹sanguinem
984 2711 1172 2795 effusum,
1194 2717 1301 2780 laesa

246 2815 504 2898 respiratione
523 2838 591 2902 per
613 2839 746 2882 causas
768 2821 915 2894 varias,
934 2818 1119 2883 circuitus
1134 2819 1296 2902 sangui-

249 2919 311 2982 nis
345 2919 523 3002 protinus
552 2921 808 3004 'perturbatur
838 2921 901 3006 b).
940 2919 1114 3002 Denique
1145 2921 1293 3002 experi-

191 3022 193 3028 '
251 3025 428 3086 mentum
449 3025 548 3089 illud
568 3028 599 3089 H
611 3047 633 3090 o
646 3047 667 3090 ο
678 3027 704 3089 lc
715 3026 729 3088 i
742 3026 756 3088 i
769 3025 820 3106 (ς.
834 3044 888 3107 29.
900 3045 938 3089 n.
952 3025 1023 3110 3.),
1035 3024 1082 3086 ab
1097 3023 1184 3100 aliis
1199 3025 1299 3110 phy·

203 3147 212 3161 *
250 3123 409 3209 siologis
430 3128 538 3210 prius
557 3127 637 3210 jam
657 3127 907 3208 institutum,
932 3131 969 3190 et
988 3129 1124 3208 postea
1152 3129 1298 3192 multo-

250 3228 325 3291 ties
348 3234 557 3314 repetitum
581 3239 647 3318 c),
666 3235 859 3314 ostendit,
878 3256 947 3318 per
976 3235 1178 3318 pulmones
1209 3234 1298 3296 aire

252 3327 429 3398 diductos
466 3335 684 3403 faciliorem
715 3357 793 3404 esse
829 3336 1029 3422 sanguinis
1061 3333 1297 3412 transitum,

257 3439 374 3519 atque
394 3435 488 3502 adeo
510 3443 826 3525 respirationem,
848 3440 949 3526 quod
978 3441 1075 3505 alibi
1100 3440 1298 3510 dicemus,

253 3537 302 3602 ad
321 3540 495 3608 humoris
517 3544 652 3610 vitalis
683 3545 890 3610 circuitum
911 3543 1017 3609 haud
1036 3561 1175 3626 parum
1203 3557 1295 3606 con-

252 3642 369 3708 ferre.

358 3833 391 3900 l)
410 3829 457 3886 Ob
474 3845 538 3886 eam
554 3829 729 3898 levitatem,
746 3845 836 3901 quem
860 3827 1019 3902 pulmones
1034 3843 1053 3880 ι
1068 3825 1148 3881 laets
1170 3821 1298 3897 inspira·

322 3918 406 3975 tione
433 3919 584 3986 retinent,
612 3916 841 3972 docimesio
861 3915 980 3972 instimi
1008 3914 1104 3978 solet,
1127 3911 1167 3967 erl
1196 3929 1301 3966 eruen-

263 4029 266 4036 ·
325 4007 393 4063 dem
409 4005 530 4062 dubiam
546 4005 671 4061 infantis
687 4005 810 4060 neonati
823 4019 950 4065 mortem
965 4005 1002 4071 (B
1012 4019 1096 4058 enez
1113 3997 1301 4060 Elemmed.

322 4095 436 4157 serens,
455 4095 487 4172 §.
510 4092 660 4164 3112-355.
678 4121 713 4134 ·-
732 4093 795 4156 Jos,
817 4091 975 4148 BERNT'S
998 4091 1155 4163 Systemrt.
1183 4081 1305 4145 naueh.

323 4181 354 4238 cl.
381 4183 523 4256 gerichtl.
549 4178 776 4239 Areneilsunde.
808 4178 1005 4251 Prsg,1'813.
1027 4180 1055 4241 8.
1079 4175 1303 4253 §.715-761·)·

322 4271 493 4340 Positivurn
509 4282 610 4330 autem
629 4271 804 4362 pulmonum
816 4269 940 4346 *pondus
956 4287 975 4328 a
990 4269 1071 4328 faeta
1093 4265 1299 4344 respiratione
